%YAML 1.1
%TAG !u! tag:unity3d.com,2011:
--- !u!1 &437102850406980543
GameObject:
  m_ObjectHideFlags: 0
  m_CorrespondingSourceObject: {fileID: 0}
  m_PrefabInstance: {fileID: 0}
  m_PrefabAsset: {fileID: 0}
  serializedVersion: 6
  m_Component:
  - component: {fileID: 437102850406980536}
  - component: {fileID: 437102850406980542}
  - component: {fileID: 437102850406980537}
  m_Layer: 0
  m_Name: Light Visualization
  m_TagString: Untagged
  m_Icon: {fileID: 0}
  m_NavMeshLayer: 0
  m_StaticEditorFlags: 0
  m_IsActive: 1
--- !u!4 &437102850406980536
Transform:
  m_ObjectHideFlags: 0
  m_CorrespondingSourceObject: {fileID: 0}
  m_PrefabInstance: {fileID: 0}
  m_PrefabAsset: {fileID: 0}
  m_GameObject: {fileID: 437102850406980543}
  m_LocalRotation: {x: 0, y: 0, z: 0, w: 1}
  m_LocalPosition: {x: 0, y: 0, z: 0}
  m_LocalScale: {x: 0.2850117, y: 0.28501174, z: 0.2850117}
  m_Children: []
  m_Father: {fileID: 2384194642754970111}
  m_RootOrder: 2
  m_LocalEulerAnglesHint: {x: 0, y: 0, z: 0}
--- !u!33 &437102850406980542
MeshFilter:
  m_ObjectHideFlags: 0
  m_CorrespondingSourceObject: {fileID: 0}
  m_PrefabInstance: {fileID: 0}
  m_PrefabAsset: {fileID: 0}
  m_GameObject: {fileID: 437102850406980543}
  m_Mesh: {fileID: 0}
--- !u!23 &437102850406980537
MeshRenderer:
  m_ObjectHideFlags: 0
  m_CorrespondingSourceObject: {fileID: 0}
  m_PrefabInstance: {fileID: 0}
  m_PrefabAsset: {fileID: 0}
  m_GameObject: {fileID: 437102850406980543}
  m_Enabled: 1
  m_CastShadows: 0
  m_ReceiveShadows: 0
  m_DynamicOccludee: 1
  m_MotionVectors: 1
  m_LightProbeUsage: 1
  m_ReflectionProbeUsage: 1
  m_RayTracingMode: 2
  m_RenderingLayerMask: 1
  m_RendererPriority: 0
  m_Materials:
  - {fileID: 2100000, guid: e0f00ad5f6e1756499f5866a9d062aa0, type: 2}
  m_StaticBatchInfo:
    firstSubMesh: 0
    subMeshCount: 0
  m_StaticBatchRoot: {fileID: 0}
  m_ProbeAnchor: {fileID: 0}
  m_LightProbeVolumeOverride: {fileID: 0}
  m_ScaleInLightmap: 1
  m_ReceiveGI: 1
  m_PreserveUVs: 0
  m_IgnoreNormalsForChartDetection: 0
  m_ImportantGI: 0
  m_StitchLightmapSeams: 1
  m_SelectedEditorRenderState: 3
  m_MinimumChartSize: 4
  m_AutoUVMaxDistance: 0.5
  m_AutoUVMaxAngle: 89
  m_LightmapParameters: {fileID: 0}
  m_SortingLayerID: 0
  m_SortingLayer: 0
  m_SortingOrder: 0
--- !u!1 &2377909999304048213
GameObject:
  m_ObjectHideFlags: 0
  m_CorrespondingSourceObject: {fileID: 0}
  m_PrefabInstance: {fileID: 0}
  m_PrefabAsset: {fileID: 0}
  serializedVersion: 6
  m_Component:
  - component: {fileID: 2380203400113597453}
  m_Layer: 11
  m_Name: basic_rig L UpperArm
  m_TagString: Untagged
  m_Icon: {fileID: 0}
  m_NavMeshLayer: 0
  m_StaticEditorFlags: 0
  m_IsActive: 1
--- !u!4 &2380203400113597453
Transform:
  m_ObjectHideFlags: 0
  m_CorrespondingSourceObject: {fileID: 0}
  m_PrefabInstance: {fileID: 0}
  m_PrefabAsset: {fileID: 0}
  m_GameObject: {fileID: 2377909999304048213}
  m_LocalRotation: {x: 0.006366947, y: -0.3443608, z: -0.005388389, w: 0.93880033}
  m_LocalPosition: {x: -0.007314854, y: 0, z: 0}
  m_LocalScale: {x: 1.0000001, y: 1.0000002, z: 1.0000002}
  m_Children:
  - {fileID: 2384122034657052559}
  m_Father: {fileID: 2380322090042132933}
  m_RootOrder: 0
  m_LocalEulerAnglesHint: {x: 0, y: 0, z: 0}
--- !u!1 &2377911695536965419
GameObject:
  m_ObjectHideFlags: 0
  m_CorrespondingSourceObject: {fileID: 0}
  m_PrefabInstance: {fileID: 0}
  m_PrefabAsset: {fileID: 0}
  serializedVersion: 6
  m_Component:
  - component: {fileID: 2380533003688161559}
  m_Layer: 11
  m_Name: basic_rig R Clavicle
  m_TagString: Untagged
  m_Icon: {fileID: 0}
  m_NavMeshLayer: 0
  m_StaticEditorFlags: 0
  m_IsActive: 1
--- !u!4 &2380533003688161559
Transform:
  m_ObjectHideFlags: 0
  m_CorrespondingSourceObject: {fileID: 0}
  m_PrefabInstance: {fileID: 0}
  m_PrefabAsset: {fileID: 0}
  m_GameObject: {fileID: 2377911695536965419}
  m_LocalRotation: {x: 0.6087614, y: 0.00024138906, z: 0.79335326, w: -0.00031681434}
  m_LocalPosition: {x: -0.009793095, y: -0.0032242143, z: -0.0033819317}
  m_LocalScale: {x: 1, y: 1, z: 0.99999994}
  m_Children:
  - {fileID: 2380347989320173749}
  m_Father: {fileID: 2380196274606954295}
  m_RootOrder: 2
  m_LocalEulerAnglesHint: {x: 0, y: 0, z: 0}
--- !u!1 &2377917033528100219
GameObject:
  m_ObjectHideFlags: 0
  m_CorrespondingSourceObject: {fileID: 0}
  m_PrefabInstance: {fileID: 0}
  m_PrefabAsset: {fileID: 0}
  serializedVersion: 6
  m_Component:
  - component: {fileID: 2384194642754970111}
  - component: {fileID: 2433720867675204683}
  - component: {fileID: 2329956482923689131}
  - component: {fileID: 2166566193509929179}
  - component: {fileID: 7780826365884306522}
  - component: {fileID: 6304166280026765975}
  - component: {fileID: 2377917033528100216}
  - component: {fileID: 1778497865348726928}
  - component: {fileID: 2633851743485406285}
  - component: {fileID: -6467664777472325174}
  m_Layer: 11
  m_Name: BetaChaser
  m_TagString: Untagged
  m_Icon: {fileID: 0}
  m_NavMeshLayer: 0
  m_StaticEditorFlags: 0
  m_IsActive: 1
--- !u!4 &2384194642754970111
Transform:
  m_ObjectHideFlags: 0
  m_CorrespondingSourceObject: {fileID: 0}
  m_PrefabInstance: {fileID: 0}
  m_PrefabAsset: {fileID: 0}
  m_GameObject: {fileID: 2377917033528100219}
  m_LocalRotation: {x: 0, y: 0, z: 0, w: 1}
  m_LocalPosition: {x: 0, y: 0, z: 0}
  m_LocalScale: {x: 3.5086272, y: 3.5086272, z: 3.5086272}
  m_Children:
  - {fileID: 2384283088639529563}
  - {fileID: 2380365265793012533}
  - {fileID: 437102850406980536}
  - {fileID: 1186560227375848831}
  - {fileID: 6499371545644672230}
  - {fileID: 5486064842077393557}
  - {fileID: 474867560930765916}
  - {fileID: 5903734432281001068}
  - {fileID: 8540039238658716169}
  m_Father: {fileID: 0}
  m_RootOrder: 0
  m_LocalEulerAnglesHint: {x: 0, y: 0, z: 0}
--- !u!54 &2433720867675204683
Rigidbody:
  m_ObjectHideFlags: 0
  m_CorrespondingSourceObject: {fileID: 0}
  m_PrefabInstance: {fileID: 0}
  m_PrefabAsset: {fileID: 0}
  m_GameObject: {fileID: 2377917033528100219}
  serializedVersion: 2
  m_Mass: 1
  m_Drag: 0
  m_AngularDrag: 5
  m_UseGravity: 1
  m_IsKinematic: 0
  m_Interpolate: 0
  m_Constraints: 112
  m_CollisionDetection: 0
--- !u!95 &2329956482923689131
Animator:
  serializedVersion: 3
  m_ObjectHideFlags: 0
  m_CorrespondingSourceObject: {fileID: 0}
  m_PrefabInstance: {fileID: 0}
  m_PrefabAsset: {fileID: 0}
  m_GameObject: {fileID: 2377917033528100219}
  m_Enabled: 1
  m_Avatar: {fileID: 9000000, guid: 45d480461bbdc704587e117329ce8e69, type: 3}
  m_Controller: {fileID: 9100000, guid: 8b9a677f24793ba45bdc27a1dab7745e, type: 2}
  m_CullingMode: 0
  m_UpdateMode: 0
  m_ApplyRootMotion: 0
  m_LinearVelocityBlending: 0
  m_WarningMessage: 
  m_HasTransformHierarchy: 1
  m_AllowConstantClipSamplingOptimization: 1
  m_KeepAnimatorControllerStateOnDisable: 0
--- !u!114 &2166566193509929179
MonoBehaviour:
  m_ObjectHideFlags: 0
  m_CorrespondingSourceObject: {fileID: 0}
  m_PrefabInstance: {fileID: 0}
  m_PrefabAsset: {fileID: 0}
  m_GameObject: {fileID: 2377917033528100219}
  m_Enabled: 1
  m_EditorHideFlags: 0
  m_Script: {fileID: 11500000, guid: 2ee9b77b118fe2049b3278bb867b5c8d, type: 3}
  m_Name: 
  m_EditorClassIdentifier: 
  m_terrain: 0
  footstepSpeed: 0.4
--- !u!114 &7780826365884306522
MonoBehaviour:
  m_ObjectHideFlags: 0
  m_CorrespondingSourceObject: {fileID: 0}
  m_PrefabInstance: {fileID: 0}
  m_PrefabAsset: {fileID: 0}
  m_GameObject: {fileID: 2377917033528100219}
  m_Enabled: 1
  m_EditorHideFlags: 0
  m_Script: {fileID: 11500000, guid: f8258ea15b8f74c4889ce485d21cbbb1, type: 3}
  m_Name: 
  m_EditorClassIdentifier: 
  m_SceneId:
    m_Value: 0
  m_AssetId:
    i0: 0
    i1: 0
    i2: 0
    i3: 0
    i4: 0
    i5: 0
    i6: 0
    i7: 0
    i8: 0
    i9: 0
    i10: 0
    i11: 0
    i12: 0
    i13: 0
    i14: 0
    i15: 0
  m_ServerOnly: 0
  m_LocalPlayerAuthority: 1
--- !u!114 &6304166280026765975
MonoBehaviour:
  m_ObjectHideFlags: 0
  m_CorrespondingSourceObject: {fileID: 0}
  m_PrefabInstance: {fileID: 0}
  m_PrefabAsset: {fileID: 0}
  m_GameObject: {fileID: 2377917033528100219}
  m_Enabled: 1
  m_EditorHideFlags: 0
  m_Script: {fileID: 11500000, guid: 13d6c522af31447398568cc65334232b, type: 3}
  m_Name: 
  m_EditorClassIdentifier: 
  m_TransformSyncMode: 3
  m_SendInterval: 0.033333335
  m_SyncRotationAxis: 7
  m_RotationSyncCompression: 0
  m_SyncSpin: 1
  m_MovementTheshold: 0.001
  m_VelocityThreshold: 0.0001
  m_SnapThreshold: 5
  m_InterpolateRotation: 1
  m_InterpolateMovement: 1
--- !u!114 &2377917033528100216
MonoBehaviour:
  m_ObjectHideFlags: 0
  m_CorrespondingSourceObject: {fileID: 0}
  m_PrefabInstance: {fileID: 0}
  m_PrefabAsset: {fileID: 0}
  m_GameObject: {fileID: 2377917033528100219}
  m_Enabled: 1
  m_EditorHideFlags: 0
  m_Script: {fileID: 11500000, guid: 2777c1ce498b3f64da93c5d1a3176c13, type: 3}
  m_Name: 
  m_EditorClassIdentifier: 
  m_animator: {fileID: 2329956482923689131}
  baseSpeed: 4.2
  rotationSpeed: 7
  isGrounded: 0
  InputVector: {x: 0, y: 0}
  Pointer: {fileID: 474867560930765917}
--- !u!114 &1778497865348726928
MonoBehaviour:
  m_ObjectHideFlags: 0
  m_CorrespondingSourceObject: {fileID: 0}
  m_PrefabInstance: {fileID: 0}
  m_PrefabAsset: {fileID: 0}
  m_GameObject: {fileID: 2377917033528100219}
  m_Enabled: 0
  m_EditorHideFlags: 0
  m_Script: {fileID: 11500000, guid: e18e15ed5495c434d969378156376a52, type: 3}
  m_Name: 
  m_EditorClassIdentifier: 
  m_Animator: {fileID: 2329956482923689131}
  m_ParameterSendBits: 63
  param0: 
  param1: 
  param2: 
  param3: 
  param4: 
  param5: 
--- !u!136 &2633851743485406285
CapsuleCollider:
  m_ObjectHideFlags: 0
  m_CorrespondingSourceObject: {fileID: 0}
  m_PrefabInstance: {fileID: 0}
  m_PrefabAsset: {fileID: 0}
  m_GameObject: {fileID: 2377917033528100219}
  m_Material: {fileID: 0}
  m_IsTrigger: 0
  m_Enabled: 1
  m_Radius: 0.2
  m_Height: 1
  m_Direction: 1
  m_Center: {x: 0, y: 0.5, z: 0}
--- !u!114 &-6467664777472325174
MonoBehaviour:
  m_ObjectHideFlags: 0
  m_CorrespondingSourceObject: {fileID: 0}
  m_PrefabInstance: {fileID: 0}
  m_PrefabAsset: {fileID: 0}
  m_GameObject: {fileID: 2377917033528100219}
  m_Enabled: 1
  m_EditorHideFlags: 0
  m_Script: {fileID: 11500000, guid: 86c6556701af9e04380698b89f691b6e, type: 3}
  m_Name: 
  m_EditorClassIdentifier: 
  attenuationObject: {fileID: 2377917033528100219}
  ListenerNumber: -1
--- !u!1 &2377934110029412083
GameObject:
  m_ObjectHideFlags: 0
  m_CorrespondingSourceObject: {fileID: 0}
  m_PrefabInstance: {fileID: 0}
  m_PrefabAsset: {fileID: 0}
  serializedVersion: 6
  m_Component:
  - component: {fileID: 2380502426727850775}
  m_Layer: 11
  m_Name: basic_rig R Toe0
  m_TagString: Untagged
  m_Icon: {fileID: 0}
  m_NavMeshLayer: 0
  m_StaticEditorFlags: 0
  m_IsActive: 1
--- !u!4 &2380502426727850775
Transform:
  m_ObjectHideFlags: 0
  m_CorrespondingSourceObject: {fileID: 0}
  m_PrefabInstance: {fileID: 0}
  m_PrefabAsset: {fileID: 0}
  m_GameObject: {fileID: 2377934110029412083}
  m_LocalRotation: {x: 0.000000015454287, y: -0.00000001545432, z: -0.7071068, w: 0.7071068}
  m_LocalPosition: {x: -0.0038557667, y: 0.0038214023, z: 0}
  m_LocalScale: {x: 0.9999999, y: 1, z: 0.99999994}
  m_Children:
  - {fileID: 2380601208278851659}
  m_Father: {fileID: 2380595355975773447}
  m_RootOrder: 0
  m_LocalEulerAnglesHint: {x: 0, y: 0, z: 0}
--- !u!1 &2378099847472738051
GameObject:
  m_ObjectHideFlags: 0
  m_CorrespondingSourceObject: {fileID: 0}
  m_PrefabInstance: {fileID: 0}
  m_PrefabAsset: {fileID: 0}
  serializedVersion: 6
  m_Component:
  - component: {fileID: 2384172099837986765}
  m_Layer: 11
  m_Name: basic_rig L Thigh
  m_TagString: Untagged
  m_Icon: {fileID: 0}
  m_NavMeshLayer: 0
  m_StaticEditorFlags: 0
  m_IsActive: 1
--- !u!4 &2384172099837986765
Transform:
  m_ObjectHideFlags: 0
  m_CorrespondingSourceObject: {fileID: 0}
  m_PrefabInstance: {fileID: 0}
  m_PrefabAsset: {fileID: 0}
  m_GameObject: {fileID: 2378099847472738051}
  m_LocalRotation: {x: 0.0040685353, y: 0.9999575, z: -0.0009407805, w: 0.008219763}
  m_LocalPosition: {x: 0.000000009536744, y: 0.000000010311604, z: 0.0065819896}
  m_LocalScale: {x: 1.0000001, y: 1.0000001, z: 1}
  m_Children:
  - {fileID: 2380365580155164879}
  m_Father: {fileID: 2380400074122186837}
  m_RootOrder: 0
  m_LocalEulerAnglesHint: {x: 0, y: 0, z: 0}
--- !u!1 &2378104570843414413
GameObject:
  m_ObjectHideFlags: 0
  m_CorrespondingSourceObject: {fileID: 0}
  m_PrefabInstance: {fileID: 0}
  m_PrefabAsset: {fileID: 0}
  serializedVersion: 6
  m_Component:
  - component: {fileID: 2380648953645204791}
  m_Layer: 11
  m_Name: basic_rig L Toe0
  m_TagString: Untagged
  m_Icon: {fileID: 0}
  m_NavMeshLayer: 0
  m_StaticEditorFlags: 0
  m_IsActive: 1
--- !u!4 &2380648953645204791
Transform:
  m_ObjectHideFlags: 0
  m_CorrespondingSourceObject: {fileID: 0}
  m_PrefabInstance: {fileID: 0}
  m_PrefabAsset: {fileID: 0}
  m_GameObject: {fileID: 2378104570843414413}
  m_LocalRotation: {x: -3.100837e-14, y: -3.1008365e-14, z: -0.7071068, w: 0.7071068}
  m_LocalPosition: {x: -0.0038557672, y: 0.0038214028, z: 9.536744e-10}
  m_LocalScale: {x: 1, y: 1, z: 0.99999994}
  m_Children:
  - {fileID: 2384124456172900161}
  m_Father: {fileID: 2380574981713330701}
  m_RootOrder: 0
  m_LocalEulerAnglesHint: {x: 0, y: 0, z: 0}
--- !u!1 &2378105193916940315
GameObject:
  m_ObjectHideFlags: 0
  m_CorrespondingSourceObject: {fileID: 0}
  m_PrefabInstance: {fileID: 0}
  m_PrefabAsset: {fileID: 0}
  serializedVersion: 6
  m_Component:
  - component: {fileID: 2384139747779131605}
  m_Layer: 11
  m_Name: Bip001 L Finger0Nub
  m_TagString: Untagged
  m_Icon: {fileID: 0}
  m_NavMeshLayer: 0
  m_StaticEditorFlags: 0
  m_IsActive: 1
--- !u!4 &2384139747779131605
Transform:
  m_ObjectHideFlags: 0
  m_CorrespondingSourceObject: {fileID: 0}
  m_PrefabInstance: {fileID: 0}
  m_PrefabAsset: {fileID: 0}
  m_GameObject: {fileID: 2378105193916940315}
  m_LocalRotation: {x: -0.000000007450579, y: -3.3306683e-16, z: 0.000000044703484,
    w: 1}
  m_LocalPosition: {x: -0.0039451947, y: 0, z: 0}
  m_LocalScale: {x: 1, y: 1.0000001, z: 0.99999994}
  m_Children: []
  m_Father: {fileID: 2384409922685999645}
  m_RootOrder: 0
  m_LocalEulerAnglesHint: {x: 0, y: 0, z: 0}
--- !u!1 &2378172771757976417
GameObject:
  m_ObjectHideFlags: 0
  m_CorrespondingSourceObject: {fileID: 0}
  m_PrefabInstance: {fileID: 0}
  m_PrefabAsset: {fileID: 0}
  serializedVersion: 6
  m_Component:
  - component: {fileID: 2380365265793012533}
  - component: {fileID: 2369121837089880255}
  m_Layer: 11
  m_Name: C_man_1_FBX2013
  m_TagString: Untagged
  m_Icon: {fileID: 0}
  m_NavMeshLayer: 0
  m_StaticEditorFlags: 0
  m_IsActive: 1
--- !u!4 &2380365265793012533
Transform:
  m_ObjectHideFlags: 0
  m_CorrespondingSourceObject: {fileID: 0}
  m_PrefabInstance: {fileID: 0}
  m_PrefabAsset: {fileID: 0}
  m_GameObject: {fileID: 2378172771757976417}
  m_LocalRotation: {x: -0.7071068, y: 0, z: -0, w: 0.7071068}
  m_LocalPosition: {x: -0, y: 0, z: 0}
  m_LocalScale: {x: 10, y: 10, z: 10}
  m_Children: []
  m_Father: {fileID: 2384194642754970111}
  m_RootOrder: 1
  m_LocalEulerAnglesHint: {x: 0, y: 0, z: 0}
--- !u!137 &2369121837089880255
SkinnedMeshRenderer:
  m_ObjectHideFlags: 0
  m_CorrespondingSourceObject: {fileID: 0}
  m_PrefabInstance: {fileID: 0}
  m_PrefabAsset: {fileID: 0}
  m_GameObject: {fileID: 2378172771757976417}
  m_Enabled: 1
  m_CastShadows: 1
  m_ReceiveShadows: 1
  m_DynamicOccludee: 1
  m_MotionVectors: 1
  m_LightProbeUsage: 1
  m_ReflectionProbeUsage: 1
  m_RayTracingMode: 0
  m_RenderingLayerMask: 1
  m_RendererPriority: 0
  m_Materials:
  - {fileID: 2100000, guid: d88ee601ae3bb4d4a9385f5002f507cb, type: 2}
  - {fileID: 2100000, guid: 1bb6e2b3ad66d664094ce58c0b0adb79, type: 2}
  m_StaticBatchInfo:
    firstSubMesh: 0
    subMeshCount: 0
  m_StaticBatchRoot: {fileID: 0}
  m_ProbeAnchor: {fileID: 0}
  m_LightProbeVolumeOverride: {fileID: 0}
  m_ScaleInLightmap: 1
  m_ReceiveGI: 1
  m_PreserveUVs: 0
  m_IgnoreNormalsForChartDetection: 0
  m_ImportantGI: 0
  m_StitchLightmapSeams: 0
  m_SelectedEditorRenderState: 3
  m_MinimumChartSize: 4
  m_AutoUVMaxDistance: 0.5
  m_AutoUVMaxAngle: 89
  m_LightmapParameters: {fileID: 0}
  m_SortingLayerID: 0
  m_SortingLayer: 0
  m_SortingOrder: 0
  serializedVersion: 2
  m_Quality: 0
  m_UpdateWhenOffscreen: 0
  m_SkinnedMotionVectors: 1
  m_Mesh: {fileID: 4300000, guid: 461413943bab6ef40aa2a33f18380180, type: 3}
  m_Bones:
  - {fileID: 2384444082851767805}
  - {fileID: 2380196274606954295}
  - {fileID: 2380322090042132933}
  - {fileID: 2380203400113597453}
  - {fileID: 2380400074122186837}
  - {fileID: 2384172099837986765}
  - {fileID: 2380365580155164879}
  - {fileID: 2380574981713330701}
  - {fileID: 2380648953645204791}
  - {fileID: 2384122034657052559}
  - {fileID: 2384151973058755243}
  - {fileID: 2384409922685999645}
  - {fileID: 2384514562988363901}
  - {fileID: 2384408461886966981}
  - {fileID: 2380603789140191687}
  - {fileID: 2380296515552795823}
  - {fileID: 2380595355975773447}
  - {fileID: 2380502426727850775}
  - {fileID: 2380533003688161559}
  - {fileID: 2380347989320173749}
  - {fileID: 2384237824136276347}
  - {fileID: 2384437902541619633}
  - {fileID: 2384380177343150937}
  - {fileID: 2380591557472046639}
  - {fileID: 2380236676400107325}
  - {fileID: 2380354700354591483}
  - {fileID: 2384440200373710025}
  m_BlendShapeWeights: []
  m_RootBone: {fileID: 2380400074122186837}
  m_AABB:
    m_Center: {x: -0.026544098, y: -0.000065948814, z: 0.000000006519258}
    m_Extent: {x: 0.055122387, y: 0.019937018, z: 0.02970102}
  m_DirtyAABB: 0
--- !u!1 &2378302935479957267
GameObject:
  m_ObjectHideFlags: 0
  m_CorrespondingSourceObject: {fileID: 0}
  m_PrefabInstance: {fileID: 0}
  m_PrefabAsset: {fileID: 0}
  serializedVersion: 6
  m_Component:
  - component: {fileID: 2384440200373710025}
  m_Layer: 11
  m_Name: basic_rig Neck
  m_TagString: Untagged
  m_Icon: {fileID: 0}
  m_NavMeshLayer: 0
  m_StaticEditorFlags: 0
  m_IsActive: 1
--- !u!4 &2384440200373710025
Transform:
  m_ObjectHideFlags: 0
  m_CorrespondingSourceObject: {fileID: 0}
  m_PrefabInstance: {fileID: 0}
  m_PrefabAsset: {fileID: 0}
  m_GameObject: {fileID: 2378302935479957267}
  m_LocalRotation: {x: 0.000000010399563, y: 0.0000002381917, z: -0.043619383, w: 0.99904823}
  m_LocalPosition: {x: -0.013221314, y: -0.0011474581, z: -9.460564e-12}
  m_LocalScale: {x: 1, y: 1, z: 1}
  m_Children:
  - {fileID: 2380354700354591483}
  m_Father: {fileID: 2380196274606954295}
  m_RootOrder: 1
  m_LocalEulerAnglesHint: {x: 0, y: 0, z: 0}
--- !u!1 &2378304693064501383
GameObject:
  m_ObjectHideFlags: 0
  m_CorrespondingSourceObject: {fileID: 0}
  m_PrefabInstance: {fileID: 0}
  m_PrefabAsset: {fileID: 0}
  serializedVersion: 6
  m_Component:
  - component: {fileID: 2380316131872081153}
  m_Layer: 11
  m_Name: Bip001 HeadNub
  m_TagString: Untagged
  m_Icon: {fileID: 0}
  m_NavMeshLayer: 0
  m_StaticEditorFlags: 0
  m_IsActive: 1
--- !u!4 &2380316131872081153
Transform:
  m_ObjectHideFlags: 0
  m_CorrespondingSourceObject: {fileID: 0}
  m_PrefabInstance: {fileID: 0}
  m_PrefabAsset: {fileID: 0}
  m_GameObject: {fileID: 2378304693064501383}
  m_LocalRotation: {x: 1.3145042e-13, y: 0, z: -0, w: 1}
  m_LocalPosition: {x: -0.03315734, y: 9.536744e-10, z: -7.275958e-15}
  m_LocalScale: {x: 1, y: 0.99999994, z: 1}
  m_Children: []
  m_Father: {fileID: 2380354700354591483}
  m_RootOrder: 0
  m_LocalEulerAnglesHint: {x: 0, y: 0, z: 0}
--- !u!1 &2378498651112833927
GameObject:
  m_ObjectHideFlags: 0
  m_CorrespondingSourceObject: {fileID: 0}
  m_PrefabInstance: {fileID: 0}
  m_PrefabAsset: {fileID: 0}
  serializedVersion: 6
  m_Component:
  - component: {fileID: 2380685493956978493}
  m_Layer: 11
  m_Name: basic_rig Footsteps
  m_TagString: Untagged
  m_Icon: {fileID: 0}
  m_NavMeshLayer: 0
  m_StaticEditorFlags: 0
  m_IsActive: 1
--- !u!4 &2380685493956978493
Transform:
  m_ObjectHideFlags: 0
  m_CorrespondingSourceObject: {fileID: 0}
  m_PrefabInstance: {fileID: 0}
  m_PrefabAsset: {fileID: 0}
  m_GameObject: {fileID: 2378498651112833927}
  m_LocalRotation: {x: 0, y: 0, z: -0.7071063, w: 0.70710725}
  m_LocalPosition: {x: -0, y: 0, z: -0.028020272}
  m_LocalScale: {x: 1, y: 1, z: 1}
  m_Children: []
  m_Father: {fileID: 2384283088639529563}
  m_RootOrder: 0
  m_LocalEulerAnglesHint: {x: 0, y: 0, z: 0}
--- !u!1 &2378509824776783847
GameObject:
  m_ObjectHideFlags: 0
  m_CorrespondingSourceObject: {fileID: 0}
  m_PrefabInstance: {fileID: 0}
  m_PrefabAsset: {fileID: 0}
  serializedVersion: 6
  m_Component:
  - component: {fileID: 2384283088639529563}
  m_Layer: 11
  m_Name: basic_rig
  m_TagString: Untagged
  m_Icon: {fileID: 0}
  m_NavMeshLayer: 0
  m_StaticEditorFlags: 0
  m_IsActive: 1
--- !u!4 &2384283088639529563
Transform:
  m_ObjectHideFlags: 0
  m_CorrespondingSourceObject: {fileID: 0}
  m_PrefabInstance: {fileID: 0}
  m_PrefabAsset: {fileID: 0}
  m_GameObject: {fileID: 2378509824776783847}
  m_LocalRotation: {x: -0.50000036, y: 0.4999997, z: 0.4999997, w: 0.50000036}
  m_LocalPosition: {x: -5.960465e-10, y: 0.27992857, z: -0.0037423922}
  m_LocalScale: {x: 9.999999, y: 9.999999, z: 10}
  m_Children:
  - {fileID: 2380685493956978493}
  - {fileID: 2380400074122186837}
  m_Father: {fileID: 2384194642754970111}
  m_RootOrder: 0
  m_LocalEulerAnglesHint: {x: 0, y: 0, z: 0}
--- !u!1 &2378511724229607187
GameObject:
  m_ObjectHideFlags: 0
  m_CorrespondingSourceObject: {fileID: 0}
  m_PrefabInstance: {fileID: 0}
  m_PrefabAsset: {fileID: 0}
  serializedVersion: 6
  m_Component:
  - component: {fileID: 2384151973058755243}
  m_Layer: 11
  m_Name: basic_rig L Hand
  m_TagString: Untagged
  m_Icon: {fileID: 0}
  m_NavMeshLayer: 0
  m_StaticEditorFlags: 0
  m_IsActive: 1
--- !u!4 &2384151973058755243
Transform:
  m_ObjectHideFlags: 0
  m_CorrespondingSourceObject: {fileID: 0}
  m_PrefabInstance: {fileID: 0}
  m_PrefabAsset: {fileID: 0}
  m_GameObject: {fileID: 2378511724229607187}
  m_LocalRotation: {x: -0.7051003, y: -0.049390055, z: -0.049350746, w: 0.7056619}
  m_LocalPosition: {x: -0.011165719, y: 2.384186e-10, z: -0.0000000038146974}
  m_LocalScale: {x: 1, y: 1, z: 0.9999998}
  m_Children:
  - {fileID: 2384409922685999645}
  - {fileID: 2384408461886966981}
  - {fileID: 2384514562988363901}
  m_Father: {fileID: 2384122034657052559}
  m_RootOrder: 0
  m_LocalEulerAnglesHint: {x: 0, y: 0, z: 0}
--- !u!1 &2378548934566568945
GameObject:
  m_ObjectHideFlags: 0
  m_CorrespondingSourceObject: {fileID: 0}
  m_PrefabInstance: {fileID: 0}
  m_PrefabAsset: {fileID: 0}
  serializedVersion: 6
  m_Component:
  - component: {fileID: 2384444082851767805}
  m_Layer: 11
  m_Name: basic_rig Spine
  m_TagString: Untagged
  m_Icon: {fileID: 0}
  m_NavMeshLayer: 0
  m_StaticEditorFlags: 0
  m_IsActive: 1
--- !u!4 &2384444082851767805
Transform:
  m_ObjectHideFlags: 0
  m_CorrespondingSourceObject: {fileID: 0}
  m_PrefabInstance: {fileID: 0}
  m_PrefabAsset: {fileID: 0}
  m_GameObject: {fileID: 2378548934566568945}
  m_LocalRotation: {x: -0.000002145482, y: 0.00000071611004, z: -0.000398159, w: 0.99999994}
  m_LocalPosition: {x: -0.0053296303, y: -0.000010513842, z: 0.0000000074057027}
  m_LocalScale: {x: 1, y: 1, z: 0.99999994}
  m_Children:
  - {fileID: 2380196274606954295}
  m_Father: {fileID: 2380400074122186837}
  m_RootOrder: 2
  m_LocalEulerAnglesHint: {x: 0, y: 0, z: 0}
--- !u!1 &2378563111382975855
GameObject:
  m_ObjectHideFlags: 0
  m_CorrespondingSourceObject: {fileID: 0}
  m_PrefabInstance: {fileID: 0}
  m_PrefabAsset: {fileID: 0}
  serializedVersion: 6
  m_Component:
  - component: {fileID: 2384124456172900161}
  m_Layer: 11
  m_Name: Bip001 L Toe0Nub
  m_TagString: Untagged
  m_Icon: {fileID: 0}
  m_NavMeshLayer: 0
  m_StaticEditorFlags: 0
  m_IsActive: 1
--- !u!4 &2384124456172900161
Transform:
  m_ObjectHideFlags: 0
  m_CorrespondingSourceObject: {fileID: 0}
  m_PrefabInstance: {fileID: 0}
  m_PrefabAsset: {fileID: 0}
  m_GameObject: {fileID: 2378563111382975855}
  m_LocalRotation: {x: 2.0050202e-13, y: -5.684341e-14, z: 1, w: -0.0000000437114}
  m_LocalPosition: {x: -0.0029622274, y: 0, z: -4.768372e-10}
  m_LocalScale: {x: -0.9999999, y: -1, z: -0.99999994}
  m_Children: []
  m_Father: {fileID: 2380648953645204791}
  m_RootOrder: 0
  m_LocalEulerAnglesHint: {x: 0, y: 0, z: 0}
--- !u!1 &2378638897714842849
GameObject:
  m_ObjectHideFlags: 0
  m_CorrespondingSourceObject: {fileID: 0}
  m_PrefabInstance: {fileID: 0}
  m_PrefabAsset: {fileID: 0}
  serializedVersion: 6
  m_Component:
  - component: {fileID: 2380365580155164879}
  m_Layer: 11
  m_Name: basic_rig L Calf
  m_TagString: Untagged
  m_Icon: {fileID: 0}
  m_NavMeshLayer: 0
  m_StaticEditorFlags: 0
  m_IsActive: 1
--- !u!4 &2380365580155164879
Transform:
  m_ObjectHideFlags: 0
  m_CorrespondingSourceObject: {fileID: 0}
  m_PrefabInstance: {fileID: 0}
  m_PrefabAsset: {fileID: 0}
  m_GameObject: {fileID: 2378638897714842849}
  m_LocalRotation: {x: 4.6256246e-10, y: 5.3632265e-11, z: 0.11517442, w: 0.9933453}
  m_LocalPosition: {x: -0.012845734, y: 5.960465e-11, z: 9.536744e-10}
  m_LocalScale: {x: 1, y: 1.0000001, z: 1.0000001}
  m_Children:
  - {fileID: 2380574981713330701}
  m_Father: {fileID: 2384172099837986765}
  m_RootOrder: 0
  m_LocalEulerAnglesHint: {x: 0, y: 0, z: 0}
--- !u!1 &2378643750879911307
GameObject:
  m_ObjectHideFlags: 0
  m_CorrespondingSourceObject: {fileID: 0}
  m_PrefabInstance: {fileID: 0}
  m_PrefabAsset: {fileID: 0}
  serializedVersion: 6
  m_Component:
  - component: {fileID: 2384437902541619633}
  m_Layer: 11
  m_Name: basic_rig R Hand
  m_TagString: Untagged
  m_Icon: {fileID: 0}
  m_NavMeshLayer: 0
  m_StaticEditorFlags: 0
  m_IsActive: 1
--- !u!4 &2384437902541619633
Transform:
  m_ObjectHideFlags: 0
  m_CorrespondingSourceObject: {fileID: 0}
  m_PrefabInstance: {fileID: 0}
  m_PrefabAsset: {fileID: 0}
  m_GameObject: {fileID: 2378643750879911307}
  m_LocalRotation: {x: 0.70510024, y: 0.049390092, z: -0.049350783, w: 0.70566195}
  m_LocalPosition: {x: -0.01116572, y: 4.768372e-10, z: -0.0000000038146974}
  m_LocalScale: {x: 1.0000002, y: 1.0000001, z: 1.0000001}
  m_Children:
  - {fileID: 2384380177343150937}
  - {fileID: 2380236676400107325}
  - {fileID: 2380591557472046639}
  m_Father: {fileID: 2384237824136276347}
  m_RootOrder: 0
  m_LocalEulerAnglesHint: {x: 0, y: 0, z: 0}
--- !u!1 &2378668901733027415
GameObject:
  m_ObjectHideFlags: 0
  m_CorrespondingSourceObject: {fileID: 0}
  m_PrefabInstance: {fileID: 0}
  m_PrefabAsset: {fileID: 0}
  serializedVersion: 6
  m_Component:
  - component: {fileID: 2380595355975773447}
  m_Layer: 11
  m_Name: basic_rig R Foot
  m_TagString: Untagged
  m_Icon: {fileID: 0}
  m_NavMeshLayer: 0
  m_StaticEditorFlags: 0
  m_IsActive: 1
--- !u!4 &2380595355975773447
Transform:
  m_ObjectHideFlags: 0
  m_CorrespondingSourceObject: {fileID: 0}
  m_PrefabInstance: {fileID: 0}
  m_PrefabAsset: {fileID: 0}
  m_GameObject: {fileID: 2378668901733027415}
  m_LocalRotation: {x: -0.000013011878, y: -0.008274204, z: -0.11921109, w: 0.9928345}
  m_LocalPosition: {x: -0.011653766, y: 4.768372e-10, z: 0}
  m_LocalScale: {x: 1.0000002, y: 1.0000001, z: 1.0000001}
  m_Children:
  - {fileID: 2380502426727850775}
  m_Father: {fileID: 2380296515552795823}
  m_RootOrder: 0
  m_LocalEulerAnglesHint: {x: 0, y: 0, z: 0}
--- !u!1 &2378679829783583483
GameObject:
  m_ObjectHideFlags: 0
  m_CorrespondingSourceObject: {fileID: 0}
  m_PrefabInstance: {fileID: 0}
  m_PrefabAsset: {fileID: 0}
  serializedVersion: 6
  m_Component:
  - component: {fileID: 2384408461886966981}
  m_Layer: 11
  m_Name: basic_rig L Finger1
  m_TagString: Untagged
  m_Icon: {fileID: 0}
  m_NavMeshLayer: 0
  m_StaticEditorFlags: 0
  m_IsActive: 1
--- !u!4 &2384408461886966981
Transform:
  m_ObjectHideFlags: 0
  m_CorrespondingSourceObject: {fileID: 0}
  m_PrefabInstance: {fileID: 0}
  m_PrefabAsset: {fileID: 0}
  m_GameObject: {fileID: 2378679829783583483}
  m_LocalRotation: {x: -0.00039815914, y: -0.0000000010299386, z: -0.000000044703892,
    w: 0.99999994}
  m_LocalPosition: {x: -0.009509619, y: 0.00013267518, z: -0.0008340397}
  m_LocalScale: {x: 1.0000001, y: 1, z: 1}
  m_Children:
  - {fileID: 2384185060925832015}
  m_Father: {fileID: 2384151973058755243}
  m_RootOrder: 1
  m_LocalEulerAnglesHint: {x: 0, y: 0, z: 0}
--- !u!1 &2378695318349791033
GameObject:
  m_ObjectHideFlags: 0
  m_CorrespondingSourceObject: {fileID: 0}
  m_PrefabInstance: {fileID: 0}
  m_PrefabAsset: {fileID: 0}
  serializedVersion: 6
  m_Component:
  - component: {fileID: 2380601208278851659}
  m_Layer: 11
  m_Name: Bip001 R Toe0Nub
  m_TagString: Untagged
  m_Icon: {fileID: 0}
  m_NavMeshLayer: 0
  m_StaticEditorFlags: 0
  m_IsActive: 1
--- !u!4 &2380601208278851659
Transform:
  m_ObjectHideFlags: 0
  m_CorrespondingSourceObject: {fileID: 0}
  m_PrefabInstance: {fileID: 0}
  m_PrefabAsset: {fileID: 0}
  m_GameObject: {fileID: 2378695318349791033}
  m_LocalRotation: {x: 1.4210856e-14, y: -1.1897933e-13, z: -5.684344e-14, w: 1}
  m_LocalPosition: {x: -0.0029622274, y: 0, z: -4.768372e-10}
  m_LocalScale: {x: 0.9999998, y: 0.99999994, z: 0.9999999}
  m_Children: []
  m_Father: {fileID: 2380502426727850775}
  m_RootOrder: 0
  m_LocalEulerAnglesHint: {x: 0, y: 0, z: 0}
--- !u!1 &2378702811647010629
GameObject:
  m_ObjectHideFlags: 0
  m_CorrespondingSourceObject: {fileID: 0}
  m_PrefabInstance: {fileID: 0}
  m_PrefabAsset: {fileID: 0}
  serializedVersion: 6
  m_Component:
  - component: {fileID: 2380442966613109341}
  m_Layer: 11
  m_Name: Bip001 R Finger1Nub
  m_TagString: Untagged
  m_Icon: {fileID: 0}
  m_NavMeshLayer: 0
  m_StaticEditorFlags: 0
  m_IsActive: 1
--- !u!4 &2380442966613109341
Transform:
  m_ObjectHideFlags: 0
  m_CorrespondingSourceObject: {fileID: 0}
  m_PrefabInstance: {fileID: 0}
  m_PrefabAsset: {fileID: 0}
  m_GameObject: {fileID: 2378702811647010629}
  m_LocalRotation: {x: 2.3283063e-10, y: -1.7462301e-10, z: 1, w: 0.00000010430813}
  m_LocalPosition: {x: -0.0026012422, y: 0.0000000038146974, z: 2.384186e-10}
  m_LocalScale: {x: -1, y: -1, z: -1}
  m_Children: []
  m_Father: {fileID: 2380236676400107325}
  m_RootOrder: 0
  m_LocalEulerAnglesHint: {x: 0, y: 0, z: 0}
--- !u!1 &2378717669731669097
GameObject:
  m_ObjectHideFlags: 0
  m_CorrespondingSourceObject: {fileID: 0}
  m_PrefabInstance: {fileID: 0}
  m_PrefabAsset: {fileID: 0}
  serializedVersion: 6
  m_Component:
  - component: {fileID: 2384237824136276347}
  m_Layer: 11
  m_Name: basic_rig R Forearm
  m_TagString: Untagged
  m_Icon: {fileID: 0}
  m_NavMeshLayer: 0
  m_StaticEditorFlags: 0
  m_IsActive: 1
--- !u!4 &2384237824136276347
Transform:
  m_ObjectHideFlags: 0
  m_CorrespondingSourceObject: {fileID: 0}
  m_PrefabInstance: {fileID: 0}
  m_PrefabAsset: {fileID: 0}
  m_GameObject: {fileID: 2378717669731669097}
  m_LocalRotation: {x: 8.614741e-11, y: 0.000000029805825, z: 0.012733113, w: 0.99991894}
  m_LocalPosition: {x: -0.010840539, y: -4.768372e-10, z: 0}
  m_LocalScale: {x: 1.0000001, y: 0.9999999, z: 1}
  m_Children:
  - {fileID: 2384437902541619633}
  m_Father: {fileID: 2380347989320173749}
  m_RootOrder: 0
  m_LocalEulerAnglesHint: {x: 0, y: 0, z: 0}
--- !u!1 &2378723125665152317
GameObject:
  m_ObjectHideFlags: 0
  m_CorrespondingSourceObject: {fileID: 0}
  m_PrefabInstance: {fileID: 0}
  m_PrefabAsset: {fileID: 0}
  serializedVersion: 6
  m_Component:
  - component: {fileID: 2384409922685999645}
  m_Layer: 11
  m_Name: basic_rig L Finger0
  m_TagString: Untagged
  m_Icon: {fileID: 0}
  m_NavMeshLayer: 0
  m_StaticEditorFlags: 0
  m_IsActive: 1
--- !u!4 &2384409922685999645
Transform:
  m_ObjectHideFlags: 0
  m_CorrespondingSourceObject: {fileID: 0}
  m_PrefabInstance: {fileID: 0}
  m_PrefabAsset: {fileID: 0}
  m_GameObject: {fileID: 2378723125665152317}
  m_LocalRotation: {x: -0.07481247, y: -0.2437212, z: -0.08037572, w: 0.9636093}
  m_LocalPosition: {x: -0.0030959342, y: -0.00052522664, z: -0.0026663537}
  m_LocalScale: {x: 1.0000002, y: 0.99999994, z: 1}
  m_Children:
  - {fileID: 2384139747779131605}
  m_Father: {fileID: 2384151973058755243}
  m_RootOrder: 0
  m_LocalEulerAnglesHint: {x: 0, y: 0, z: 0}
--- !u!1 &2378752288314974345
GameObject:
  m_ObjectHideFlags: 0
  m_CorrespondingSourceObject: {fileID: 0}
  m_PrefabInstance: {fileID: 0}
  m_PrefabAsset: {fileID: 0}
  serializedVersion: 6
  m_Component:
  - component: {fileID: 2380196274606954295}
  m_Layer: 11
  m_Name: basic_rig Spine1
  m_TagString: Untagged
  m_Icon: {fileID: 0}
  m_NavMeshLayer: 0
  m_StaticEditorFlags: 0
  m_IsActive: 1
--- !u!4 &2380196274606954295
Transform:
  m_ObjectHideFlags: 0
  m_CorrespondingSourceObject: {fileID: 0}
  m_PrefabInstance: {fileID: 0}
  m_PrefabAsset: {fileID: 0}
  m_GameObject: {fileID: 2378752288314974345}
  m_LocalRotation: {x: 5.2180482e-14, y: -2.842171e-14, z: -2.910383e-11, w: 1}
  m_LocalPosition: {x: -0.013205651, y: -0.000010515333, z: -2.9165677e-11}
  m_LocalScale: {x: 1, y: 1, z: 0.99999994}
  m_Children:
  - {fileID: 2380322090042132933}
  - {fileID: 2384440200373710025}
  - {fileID: 2380533003688161559}
  m_Father: {fileID: 2384444082851767805}
  m_RootOrder: 0
  m_LocalEulerAnglesHint: {x: 0, y: 0, z: 0}
--- !u!1 &2378770169492072933
GameObject:
  m_ObjectHideFlags: 0
  m_CorrespondingSourceObject: {fileID: 0}
  m_PrefabInstance: {fileID: 0}
  m_PrefabAsset: {fileID: 0}
  serializedVersion: 6
  m_Component:
  - component: {fileID: 2384185060925832015}
  m_Layer: 11
  m_Name: Bip001 L Finger1Nub
  m_TagString: Untagged
  m_Icon: {fileID: 0}
  m_NavMeshLayer: 0
  m_StaticEditorFlags: 0
  m_IsActive: 1
--- !u!4 &2384185060925832015
Transform:
  m_ObjectHideFlags: 0
  m_CorrespondingSourceObject: {fileID: 0}
  m_PrefabInstance: {fileID: 0}
  m_PrefabAsset: {fileID: 0}
  m_GameObject: {fileID: 2378770169492072933}
  m_LocalRotation: {x: 1.7462289e-10, y: -0.0000000013969834, z: -0.000000044703466,
    w: 1}
  m_LocalPosition: {x: -0.0026012412, y: -0.0000000038146974, z: -4.768372e-10}
  m_LocalScale: {x: 1.0000002, y: 1.0000001, z: 1.0000001}
  m_Children: []
  m_Father: {fileID: 2384408461886966981}
  m_RootOrder: 0
  m_LocalEulerAnglesHint: {x: 0, y: 0, z: 0}
--- !u!1 &2378808292017723665
GameObject:
  m_ObjectHideFlags: 0
  m_CorrespondingSourceObject: {fileID: 0}
  m_PrefabInstance: {fileID: 0}
  m_PrefabAsset: {fileID: 0}
  serializedVersion: 6
  m_Component:
  - component: {fileID: 2380156807567347895}
  m_Layer: 11
  m_Name: Bip001 L Finger2Nub
  m_TagString: Untagged
  m_Icon: {fileID: 0}
  m_NavMeshLayer: 0
  m_StaticEditorFlags: 0
  m_IsActive: 1
--- !u!4 &2380156807567347895
Transform:
  m_ObjectHideFlags: 0
  m_CorrespondingSourceObject: {fileID: 0}
  m_PrefabInstance: {fileID: 0}
  m_PrefabAsset: {fileID: 0}
  m_GameObject: {fileID: 2378808292017723665}
  m_LocalRotation: {x: -0.000000014901163, y: -0.000000014901167, z: 0.00000002980233,
    w: 1}
  m_LocalPosition: {x: -0.002560773, y: 0, z: 0}
  m_LocalScale: {x: 0.99999976, y: 0.9999998, z: 0.99999994}
  m_Children: []
  m_Father: {fileID: 2384514562988363901}
  m_RootOrder: 0
  m_LocalEulerAnglesHint: {x: 0, y: 0, z: 0}
--- !u!1 &2378841749150488225
GameObject:
  m_ObjectHideFlags: 0
  m_CorrespondingSourceObject: {fileID: 0}
  m_PrefabInstance: {fileID: 0}
  m_PrefabAsset: {fileID: 0}
  serializedVersion: 6
  m_Component:
  - component: {fileID: 2384122034657052559}
  m_Layer: 11
  m_Name: basic_rig L Forearm
  m_TagString: Untagged
  m_Icon: {fileID: 0}
  m_NavMeshLayer: 0
  m_StaticEditorFlags: 0
  m_IsActive: 1
--- !u!4 &2384122034657052559
Transform:
  m_ObjectHideFlags: 0
  m_CorrespondingSourceObject: {fileID: 0}
  m_PrefabInstance: {fileID: 0}
  m_PrefabAsset: {fileID: 0}
  m_GameObject: {fileID: 2378841749150488225}
  m_LocalRotation: {x: -3.6203243e-10, y: -0.00000004471172, z: 0.012733117, w: 0.99991894}
  m_LocalPosition: {x: -0.010840546, y: 0, z: 0}
  m_LocalScale: {x: 0.99999994, y: 1, z: 1}
  m_Children:
  - {fileID: 2384151973058755243}
  m_Father: {fileID: 2380203400113597453}
  m_RootOrder: 0
  m_LocalEulerAnglesHint: {x: 0, y: 0, z: 0}
--- !u!1 &2378869365026895673
GameObject:
  m_ObjectHideFlags: 0
  m_CorrespondingSourceObject: {fileID: 0}
  m_PrefabInstance: {fileID: 0}
  m_PrefabAsset: {fileID: 0}
  serializedVersion: 6
  m_Component:
  - component: {fileID: 2380296515552795823}
  m_Layer: 11
  m_Name: basic_rig R Calf
  m_TagString: Untagged
  m_Icon: {fileID: 0}
  m_NavMeshLayer: 0
  m_StaticEditorFlags: 0
  m_IsActive: 1
--- !u!4 &2380296515552795823
Transform:
  m_ObjectHideFlags: 0
  m_CorrespondingSourceObject: {fileID: 0}
  m_PrefabInstance: {fileID: 0}
  m_PrefabAsset: {fileID: 0}
  m_GameObject: {fileID: 2378869365026895673}
  m_LocalRotation: {x: 1.0726455e-10, y: -9.25125e-10, z: 0.11517443, w: 0.9933453}
  m_LocalPosition: {x: -0.01284573, y: 0, z: 0}
  m_LocalScale: {x: 1, y: 1.0000001, z: 1}
  m_Children:
  - {fileID: 2380595355975773447}
  m_Father: {fileID: 2380603789140191687}
  m_RootOrder: 0
  m_LocalEulerAnglesHint: {x: 0, y: 0, z: 0}
--- !u!1 &2378922808845588367
GameObject:
  m_ObjectHideFlags: 0
  m_CorrespondingSourceObject: {fileID: 0}
  m_PrefabInstance: {fileID: 0}
  m_PrefabAsset: {fileID: 0}
  serializedVersion: 6
  m_Component:
  - component: {fileID: 2380591557472046639}
  m_Layer: 11
  m_Name: basic_rig R Finger2
  m_TagString: Untagged
  m_Icon: {fileID: 0}
  m_NavMeshLayer: 0
  m_StaticEditorFlags: 0
  m_IsActive: 1
--- !u!4 &2380591557472046639
Transform:
  m_ObjectHideFlags: 0
  m_CorrespondingSourceObject: {fileID: 0}
  m_PrefabInstance: {fileID: 0}
  m_PrefabAsset: {fileID: 0}
  m_GameObject: {fileID: 2378922808845588367}
  m_LocalRotation: {x: 0.0003823035, y: -0.27959302, z: -0.00011124473, w: 0.96011853}
  m_LocalPosition: {x: -0.008257883, y: 0.00015519715, z: -0.0024709878}
  m_LocalScale: {x: 1.0000002, y: 1, z: 1}
  m_Children:
  - {fileID: 2384459332292862405}
  m_Father: {fileID: 2384437902541619633}
  m_RootOrder: 2
  m_LocalEulerAnglesHint: {x: 0, y: 0, z: 0}
--- !u!1 &2378932050991551089
GameObject:
  m_ObjectHideFlags: 0
  m_CorrespondingSourceObject: {fileID: 0}
  m_PrefabInstance: {fileID: 0}
  m_PrefabAsset: {fileID: 0}
  serializedVersion: 6
  m_Component:
  - component: {fileID: 2380354700354591483}
  m_Layer: 11
  m_Name: basic_rig Head
  m_TagString: Untagged
  m_Icon: {fileID: 0}
  m_NavMeshLayer: 0
  m_StaticEditorFlags: 0
  m_IsActive: 1
--- !u!4 &2380354700354591483
Transform:
  m_ObjectHideFlags: 0
  m_CorrespondingSourceObject: {fileID: 0}
  m_PrefabInstance: {fileID: 0}
  m_PrefabAsset: {fileID: 0}
  m_GameObject: {fileID: 2378932050991551089}
  m_LocalRotation: {x: 5.4348203e-13, y: -0.0000000011042405, z: 0.00039887443, w: 0.99999994}
  m_LocalPosition: {x: -0.005142174, y: 0, z: 0}
  m_LocalScale: {x: 0.9999998, y: 0.9999998, z: 0.99999994}
  m_Children:
  - {fileID: 2380316131872081153}
  m_Father: {fileID: 2384440200373710025}
  m_RootOrder: 0
  m_LocalEulerAnglesHint: {x: 0, y: 0, z: 0}
--- !u!1 &2378960550495441553
GameObject:
  m_ObjectHideFlags: 0
  m_CorrespondingSourceObject: {fileID: 0}
  m_PrefabInstance: {fileID: 0}
  m_PrefabAsset: {fileID: 0}
  serializedVersion: 6
  m_Component:
  - component: {fileID: 2380574981713330701}
  m_Layer: 11
  m_Name: basic_rig L Foot
  m_TagString: Untagged
  m_Icon: {fileID: 0}
  m_NavMeshLayer: 0
  m_StaticEditorFlags: 0
  m_IsActive: 1
--- !u!4 &2380574981713330701
Transform:
  m_ObjectHideFlags: 0
  m_CorrespondingSourceObject: {fileID: 0}
  m_PrefabInstance: {fileID: 0}
  m_PrefabAsset: {fileID: 0}
  m_GameObject: {fileID: 2378960550495441553}
  m_LocalRotation: {x: 0.0000129043865, y: 0.008274239, z: -0.119211115, w: 0.99283445}
  m_LocalPosition: {x: -0.011653765, y: -4.768372e-10, z: -4.768372e-10}
  m_LocalScale: {x: 1.0000001, y: 1.0000001, z: 1.0000001}
  m_Children:
  - {fileID: 2380648953645204791}
  m_Father: {fileID: 2380365580155164879}
  m_RootOrder: 0
  m_LocalEulerAnglesHint: {x: 0, y: 0, z: 0}
--- !u!1 &2378963129251133653
GameObject:
  m_ObjectHideFlags: 0
  m_CorrespondingSourceObject: {fileID: 0}
  m_PrefabInstance: {fileID: 0}
  m_PrefabAsset: {fileID: 0}
  serializedVersion: 6
  m_Component:
  - component: {fileID: 2384380177343150937}
  m_Layer: 11
  m_Name: basic_rig R Finger0
  m_TagString: Untagged
  m_Icon: {fileID: 0}
  m_NavMeshLayer: 0
  m_StaticEditorFlags: 0
  m_IsActive: 1
--- !u!4 &2384380177343150937
Transform:
  m_ObjectHideFlags: 0
  m_CorrespondingSourceObject: {fileID: 0}
  m_PrefabInstance: {fileID: 0}
  m_PrefabAsset: {fileID: 0}
  m_GameObject: {fileID: 2378963129251133653}
  m_LocalRotation: {x: 0.07481256, y: 0.24372108, z: -0.08037574, w: 0.9636093}
  m_LocalPosition: {x: -0.0030959283, y: -0.00052522664, z: 0.0026663549}
  m_LocalScale: {x: 1.0000001, y: 0.99999994, z: 1}
  m_Children:
  - {fileID: 2384364132999430333}
  m_Father: {fileID: 2384437902541619633}
  m_RootOrder: 0
  m_LocalEulerAnglesHint: {x: 0, y: 0, z: 0}
--- !u!1 &2378969837055296669
GameObject:
  m_ObjectHideFlags: 0
  m_CorrespondingSourceObject: {fileID: 0}
  m_PrefabInstance: {fileID: 0}
  m_PrefabAsset: {fileID: 0}
  serializedVersion: 6
  m_Component:
  - component: {fileID: 2380322090042132933}
  m_Layer: 11
  m_Name: basic_rig L Clavicle
  m_TagString: Untagged
  m_Icon: {fileID: 0}
  m_NavMeshLayer: 0
  m_StaticEditorFlags: 0
  m_IsActive: 1
--- !u!4 &2380322090042132933
Transform:
  m_ObjectHideFlags: 0
  m_CorrespondingSourceObject: {fileID: 0}
  m_PrefabInstance: {fileID: 0}
  m_PrefabAsset: {fileID: 0}
  m_GameObject: {fileID: 2378969837055296669}
  m_LocalRotation: {x: -0.6087614, y: -0.00024358722, z: 0.7933532, w: -0.00031511762}
  m_LocalPosition: {x: -0.009793099, y: -0.0032242318, z: 0.003381915}
  m_LocalScale: {x: 1, y: 1, z: 0.99999994}
  m_Children:
  - {fileID: 2380203400113597453}
  m_Father: {fileID: 2380196274606954295}
  m_RootOrder: 0
  m_LocalEulerAnglesHint: {x: 0, y: 0, z: 0}
--- !u!1 &2379023139706286443
GameObject:
  m_ObjectHideFlags: 0
  m_CorrespondingSourceObject: {fileID: 0}
  m_PrefabInstance: {fileID: 0}
  m_PrefabAsset: {fileID: 0}
  serializedVersion: 6
  m_Component:
  - component: {fileID: 2380400074122186837}
  m_Layer: 11
  m_Name: basic_rig Pelvis
  m_TagString: Untagged
  m_Icon: {fileID: 0}
  m_NavMeshLayer: 0
  m_StaticEditorFlags: 0
  m_IsActive: 1
--- !u!4 &2380400074122186837
Transform:
  m_ObjectHideFlags: 0
  m_CorrespondingSourceObject: {fileID: 0}
  m_PrefabInstance: {fileID: 0}
  m_PrefabAsset: {fileID: 0}
  m_GameObject: {fileID: 2379023139706286443}
  m_LocalRotation: {x: -0.5, y: 0.5, z: 0.49999937, w: 0.50000066}
  m_LocalPosition: {x: -0, y: 0, z: 0}
  m_LocalScale: {x: 1, y: 0.9999999, z: 0.9999999}
  m_Children:
  - {fileID: 2384172099837986765}
  - {fileID: 2380603789140191687}
  - {fileID: 2384444082851767805}
  m_Father: {fileID: 2384283088639529563}
  m_RootOrder: 1
  m_LocalEulerAnglesHint: {x: 0, y: 0, z: 0}
--- !u!1 &2379025493243589867
GameObject:
  m_ObjectHideFlags: 0
  m_CorrespondingSourceObject: {fileID: 0}
  m_PrefabInstance: {fileID: 0}
  m_PrefabAsset: {fileID: 0}
  serializedVersion: 6
  m_Component:
  - component: {fileID: 2384459332292862405}
  m_Layer: 11
  m_Name: Bip001 R Finger2Nub
  m_TagString: Untagged
  m_Icon: {fileID: 0}
  m_NavMeshLayer: 0
  m_StaticEditorFlags: 0
  m_IsActive: 1
--- !u!4 &2384459332292862405
Transform:
  m_ObjectHideFlags: 0
  m_CorrespondingSourceObject: {fileID: 0}
  m_PrefabInstance: {fileID: 0}
  m_PrefabAsset: {fileID: 0}
  m_GameObject: {fileID: 2379025493243589867}
  m_LocalRotation: {x: -0.000000044703494, y: 0.000000059604645, z: 1, w: -0.000000029802326}
  m_LocalPosition: {x: -0.002560773, y: -0.0000000038146974, z: 0.0000000019073487}
  m_LocalScale: {x: -0.9999999, y: -1, z: -0.9999998}
  m_Children: []
  m_Father: {fileID: 2380591557472046639}
  m_RootOrder: 0
  m_LocalEulerAnglesHint: {x: 0, y: 0, z: 0}
--- !u!1 &2379462503008831719
GameObject:
  m_ObjectHideFlags: 0
  m_CorrespondingSourceObject: {fileID: 0}
  m_PrefabInstance: {fileID: 0}
  m_PrefabAsset: {fileID: 0}
  serializedVersion: 6
  m_Component:
  - component: {fileID: 2384364132999430333}
  m_Layer: 11
  m_Name: Bip001 R Finger0Nub
  m_TagString: Untagged
  m_Icon: {fileID: 0}
  m_NavMeshLayer: 0
  m_StaticEditorFlags: 0
  m_IsActive: 1
--- !u!4 &2384364132999430333
Transform:
  m_ObjectHideFlags: 0
  m_CorrespondingSourceObject: {fileID: 0}
  m_PrefabInstance: {fileID: 0}
  m_PrefabAsset: {fileID: 0}
  m_GameObject: {fileID: 2379462503008831719}
  m_LocalRotation: {x: -0.00000001490116, y: -0.000000007450581, z: 1, w: -0.000000059604645}
  m_LocalPosition: {x: -0.0039451947, y: 0.0000000038146974, z: 0}
  m_LocalScale: {x: -1, y: -1.0000001, z: -0.99999994}
  m_Children: []
  m_Father: {fileID: 2384380177343150937}
  m_RootOrder: 0
  m_LocalEulerAnglesHint: {x: 0, y: 0, z: 0}
--- !u!1 &2379491924462869615
GameObject:
  m_ObjectHideFlags: 0
  m_CorrespondingSourceObject: {fileID: 0}
  m_PrefabInstance: {fileID: 0}
  m_PrefabAsset: {fileID: 0}
  serializedVersion: 6
  m_Component:
  - component: {fileID: 2384514562988363901}
  m_Layer: 11
  m_Name: basic_rig L Finger2
  m_TagString: Untagged
  m_Icon: {fileID: 0}
  m_NavMeshLayer: 0
  m_StaticEditorFlags: 0
  m_IsActive: 1
--- !u!4 &2384514562988363901
Transform:
  m_ObjectHideFlags: 0
  m_CorrespondingSourceObject: {fileID: 0}
  m_PrefabInstance: {fileID: 0}
  m_PrefabAsset: {fileID: 0}
  m_GameObject: {fileID: 2379491924462869615}
  m_LocalRotation: {x: -0.00038239313, y: 0.2795932, z: -0.00011128062, w: 0.9601185}
  m_LocalPosition: {x: -0.008257882, y: 0.00015519715, z: 0.0024709883}
  m_LocalScale: {x: 1.0000002, y: 1, z: 1}
  m_Children:
  - {fileID: 2380156807567347895}
  m_Father: {fileID: 2384151973058755243}
  m_RootOrder: 2
  m_LocalEulerAnglesHint: {x: 0, y: 0, z: 0}
--- !u!1 &2379503937300509733
GameObject:
  m_ObjectHideFlags: 0
  m_CorrespondingSourceObject: {fileID: 0}
  m_PrefabInstance: {fileID: 0}
  m_PrefabAsset: {fileID: 0}
  serializedVersion: 6
  m_Component:
  - component: {fileID: 2380603789140191687}
  m_Layer: 11
  m_Name: basic_rig R Thigh
  m_TagString: Untagged
  m_Icon: {fileID: 0}
  m_NavMeshLayer: 0
  m_StaticEditorFlags: 0
  m_IsActive: 1
--- !u!4 &2380603789140191687
Transform:
  m_ObjectHideFlags: 0
  m_CorrespondingSourceObject: {fileID: 0}
  m_PrefabInstance: {fileID: 0}
  m_PrefabAsset: {fileID: 0}
  m_GameObject: {fileID: 2379503937300509733}
  m_LocalRotation: {x: 0.004068643, y: 0.9999575, z: 0.000939357, w: -0.008221315}
  m_LocalPosition: {x: -0.000000007629395, y: -0.000000007897616, z: -0.006581991}
  m_LocalScale: {x: 1.0000001, y: 1.0000001, z: 1}
  m_Children:
  - {fileID: 2380296515552795823}
  m_Father: {fileID: 2380400074122186837}
  m_RootOrder: 1
  m_LocalEulerAnglesHint: {x: 0, y: 0, z: 0}
--- !u!1 &2379566388455396289
GameObject:
  m_ObjectHideFlags: 0
  m_CorrespondingSourceObject: {fileID: 0}
  m_PrefabInstance: {fileID: 0}
  m_PrefabAsset: {fileID: 0}
  serializedVersion: 6
  m_Component:
  - component: {fileID: 2380347989320173749}
  m_Layer: 11
  m_Name: basic_rig UpperArm
  m_TagString: Untagged
  m_Icon: {fileID: 0}
  m_NavMeshLayer: 0
  m_StaticEditorFlags: 0
  m_IsActive: 1
--- !u!4 &2380347989320173749
Transform:
  m_ObjectHideFlags: 0
  m_CorrespondingSourceObject: {fileID: 0}
  m_PrefabInstance: {fileID: 0}
  m_PrefabAsset: {fileID: 0}
  m_GameObject: {fileID: 2379566388455396289}
  m_LocalRotation: {x: -0.0063669197, y: 0.3443608, z: -0.005388398, w: 0.9388004}
  m_LocalPosition: {x: -0.007314849, y: 2.384186e-10, z: 0}
  m_LocalScale: {x: 1.0000002, y: 1, z: 1}
  m_Children:
  - {fileID: 2384237824136276347}
  m_Father: {fileID: 2380533003688161559}
  m_RootOrder: 0
  m_LocalEulerAnglesHint: {x: 0, y: 0, z: 0}
--- !u!1 &2379566990834121243
GameObject:
  m_ObjectHideFlags: 0
  m_CorrespondingSourceObject: {fileID: 0}
  m_PrefabInstance: {fileID: 0}
  m_PrefabAsset: {fileID: 0}
  serializedVersion: 6
  m_Component:
  - component: {fileID: 2380236676400107325}
  m_Layer: 11
  m_Name: basic_rig R Finger1
  m_TagString: Untagged
  m_Icon: {fileID: 0}
  m_NavMeshLayer: 0
  m_StaticEditorFlags: 0
  m_IsActive: 1
--- !u!4 &2380236676400107325
Transform:
  m_ObjectHideFlags: 0
  m_CorrespondingSourceObject: {fileID: 0}
  m_PrefabInstance: {fileID: 0}
  m_PrefabAsset: {fileID: 0}
  m_GameObject: {fileID: 2379566990834121243}
  m_LocalRotation: {x: 0.0003981585, y: 1.10482276e-10, z: -0.000000014901204, w: 0.99999994}
  m_LocalPosition: {x: -0.009509616, y: 0.0001326828, z: 0.00083404046}
  m_LocalScale: {x: 1, y: 1.0000001, z: 1.0000001}
  m_Children:
  - {fileID: 2380442966613109341}
  m_Father: {fileID: 2384437902541619633}
  m_RootOrder: 1
  m_LocalEulerAnglesHint: {x: 0, y: 0, z: 0}
--- !u!1 &5844028604098888975
GameObject:
  m_ObjectHideFlags: 0
  m_CorrespondingSourceObject: {fileID: 0}
  m_PrefabInstance: {fileID: 0}
  m_PrefabAsset: {fileID: 0}
  serializedVersion: 6
  m_Component:
  - component: {fileID: 6499371545644672230}
  - component: {fileID: 8061597304083943805}
  - component: {fileID: 4269153387053904899}
  m_Layer: 0
  m_Name: Spot Light (1)
  m_TagString: Untagged
  m_Icon: {fileID: 0}
  m_NavMeshLayer: 0
  m_StaticEditorFlags: 0
  m_IsActive: 1
--- !u!4 &6499371545644672230
Transform:
  m_ObjectHideFlags: 0
  m_CorrespondingSourceObject: {fileID: 0}
  m_PrefabInstance: {fileID: 0}
  m_PrefabAsset: {fileID: 0}
  m_GameObject: {fileID: 5844028604098888975}
  m_LocalRotation: {x: 0, y: 0, z: 0, w: 1}
  m_LocalPosition: {x: 0, y: 0.226, z: 0}
  m_LocalScale: {x: 0.2850117, y: 0.28501174, z: 0.2850117}
  m_Children: []
  m_Father: {fileID: 2384194642754970111}
  m_RootOrder: 4
  m_LocalEulerAnglesHint: {x: 0, y: 0, z: 0}
--- !u!108 &8061597304083943805
Light:
  m_ObjectHideFlags: 0
  m_CorrespondingSourceObject: {fileID: 0}
  m_PrefabInstance: {fileID: 0}
  m_PrefabAsset: {fileID: 0}
  m_GameObject: {fileID: 5844028604098888975}
  m_Enabled: 1
  serializedVersion: 10
  m_Type: 0
  m_Shape: 0
  m_Color: {r: 1, g: 0.7673603, b: 0, a: 1}
  m_Intensity: 36
  m_Range: 8
  m_SpotAngle: 45
  m_InnerSpotAngle: 4
  m_CookieSize: 10
  m_Shadows:
    m_Type: 2
    m_Resolution: -1
    m_CustomResolution: -1
    m_Strength: 1
    m_Bias: 0.05
    m_NormalBias: 0.4
    m_NearPlane: 0.2
    m_CullingMatrixOverride:
      e00: 1
      e01: 0
      e02: 0
      e03: 0
      e10: 0
      e11: 1
      e12: 0
      e13: 0
      e20: 0
      e21: 0
      e22: 1
      e23: 0
      e30: 0
      e31: 0
      e32: 0
      e33: 1
    m_UseCullingMatrixOverride: 0
  m_Cookie: {fileID: 0}
  m_DrawHalo: 0
  m_Flare: {fileID: 0}
  m_RenderMode: 0
  m_CullingMask:
    serializedVersion: 2
    m_Bits: 4294967295
  m_RenderingLayerMask: 1
  m_Lightmapping: 4
  m_LightShadowCasterMode: 0
  m_AreaSize: {x: 1, y: 1}
  m_BounceIntensity: 1
  m_ColorTemperature: 6570
  m_UseColorTemperature: 0
  m_BoundingSphereOverride: {x: 0, y: 0, z: 0, w: 0}
  m_UseBoundingSphereOverride: 0
  m_ShadowRadius: 0
  m_ShadowAngle: 0
--- !u!114 &4269153387053904899
MonoBehaviour:
  m_ObjectHideFlags: 0
  m_CorrespondingSourceObject: {fileID: 0}
  m_PrefabInstance: {fileID: 0}
  m_PrefabAsset: {fileID: 0}
  m_GameObject: {fileID: 5844028604098888975}
  m_Enabled: 1
  m_EditorHideFlags: 0
  m_Script: {fileID: 11500000, guid: 8fc02d18abf67f54b8438650b15e0be2, type: 3}
  m_Name: 
  m_EditorClassIdentifier: 
  lightRadius: 8
  lightAngle: 45
  meshResolution: 1
  edgeResolveIterations: 10
  edgeDisThreshold: 0.5
  lightMeshFilter: {fileID: 437102850406980542}
  targetMask:
    serializedVersion: 2
    m_Bits: 256
  obstacleMask:
    serializedVersion: 2
    m_Bits: 1024
  inLightTargets: []
--- !u!1 &6082050250610575533
GameObject:
  m_ObjectHideFlags: 0
  m_CorrespondingSourceObject: {fileID: 0}
  m_PrefabInstance: {fileID: 0}
  m_PrefabAsset: {fileID: 0}
  serializedVersion: 6
  m_Component:
  - component: {fileID: 5903734432281001068}
  - component: {fileID: 4510313818399654042}
  m_Layer: 0
  m_Name: PlayerVFX
  m_TagString: Untagged
  m_Icon: {fileID: 0}
  m_NavMeshLayer: 0
  m_StaticEditorFlags: 0
  m_IsActive: 1
--- !u!4 &5903734432281001068
Transform:
  m_ObjectHideFlags: 0
  m_CorrespondingSourceObject: {fileID: 0}
  m_PrefabInstance: {fileID: 0}
  m_PrefabAsset: {fileID: 0}
  m_GameObject: {fileID: 6082050250610575533}
  m_LocalRotation: {x: -0, y: 0.7071068, z: -0, w: 0.7071068}
  m_LocalPosition: {x: 0, y: 0, z: 0}
  m_LocalScale: {x: 1, y: 1, z: 1}
  m_Children:
  - {fileID: 6623616854338004135}
  - {fileID: 6894488699972957158}
  - {fileID: 217443715068461650}
  m_Father: {fileID: 2384194642754970111}
  m_RootOrder: 7
  m_LocalEulerAnglesHint: {x: 0, y: 0, z: 0}
--- !u!114 &4510313818399654042
MonoBehaviour:
  m_ObjectHideFlags: 0
  m_CorrespondingSourceObject: {fileID: 0}
  m_PrefabInstance: {fileID: 0}
  m_PrefabAsset: {fileID: 0}
  m_GameObject: {fileID: 6082050250610575533}
  m_Enabled: 1
  m_EditorHideFlags: 0
  m_Script: {fileID: 11500000, guid: 7cf948eb9320c7545b91068a963ac2b5, type: 3}
  m_Name: 
  m_EditorClassIdentifier: 
  VFXObjects:
  - {fileID: 6623616854338004134}
  - {fileID: 6040304559873890636}
  - {fileID: 6040304559873890636}
  - {fileID: 6623616854338004134}
  - {fileID: 217443715068461651}
  m_terrain: 0
  playerController: {fileID: 0}
--- !u!1 &6452574190832618348
GameObject:
  m_ObjectHideFlags: 0
  m_CorrespondingSourceObject: {fileID: 0}
  m_PrefabInstance: {fileID: 0}
  m_PrefabAsset: {fileID: 0}
  serializedVersion: 6
  m_Component:
  - component: {fileID: 1186560227375848831}
  - component: {fileID: 3936060080397395944}
  - component: {fileID: 4483119601057465088}
  - component: {fileID: 42923192480462433}
  m_Layer: 0
  m_Name: Killzone
  m_TagString: Untagged
  m_Icon: {fileID: 0}
  m_NavMeshLayer: 0
  m_StaticEditorFlags: 0
  m_IsActive: 1
--- !u!4 &1186560227375848831
Transform:
  m_ObjectHideFlags: 0
  m_CorrespondingSourceObject: {fileID: 0}
  m_PrefabInstance: {fileID: 0}
  m_PrefabAsset: {fileID: 0}
  m_GameObject: {fileID: 6452574190832618348}
  m_LocalRotation: {x: 0, y: 0, z: 0, w: 1}
  m_LocalPosition: {x: 0, y: 0, z: 0.398}
  m_LocalScale: {x: 0.4, y: 0.4, z: 0.4}
  m_Children: []
  m_Father: {fileID: 2384194642754970111}
  m_RootOrder: 3
  m_LocalEulerAnglesHint: {x: 0, y: 0, z: 0}
--- !u!114 &3936060080397395944
MonoBehaviour:
  m_ObjectHideFlags: 0
  m_CorrespondingSourceObject: {fileID: 0}
  m_PrefabInstance: {fileID: 0}
  m_PrefabAsset: {fileID: 0}
  m_GameObject: {fileID: 6452574190832618348}
  m_Enabled: 1
  m_EditorHideFlags: 0
  m_Script: {fileID: 11500000, guid: f8258ea15b8f74c4889ce485d21cbbb1, type: 3}
  m_Name: 
  m_EditorClassIdentifier: 
  m_SceneId:
    m_Value: 0
  m_AssetId:
    i0: 0
    i1: 0
    i2: 0
    i3: 0
    i4: 0
    i5: 0
    i6: 0
    i7: 0
    i8: 0
    i9: 0
    i10: 0
    i11: 0
    i12: 0
    i13: 0
    i14: 0
    i15: 0
  m_ServerOnly: 0
  m_LocalPlayerAuthority: 0
--- !u!114 &4483119601057465088
MonoBehaviour:
  m_ObjectHideFlags: 0
  m_CorrespondingSourceObject: {fileID: 0}
  m_PrefabInstance: {fileID: 0}
  m_PrefabAsset: {fileID: 0}
  m_GameObject: {fileID: 6452574190832618348}
  m_Enabled: 1
  m_EditorHideFlags: 0
  m_Script: {fileID: 11500000, guid: a943df88f303dbe4ab40bf63b845a12a, type: 3}
  m_Name: 
  m_EditorClassIdentifier: 
--- !u!135 &42923192480462433
SphereCollider:
  m_ObjectHideFlags: 0
  m_CorrespondingSourceObject: {fileID: 0}
  m_PrefabInstance: {fileID: 0}
  m_PrefabAsset: {fileID: 0}
  m_GameObject: {fileID: 6452574190832618348}
  m_Material: {fileID: 0}
  m_IsTrigger: 1
  m_Enabled: 1
  serializedVersion: 2
  m_Radius: 1
  m_Center: {x: 0, y: 0, z: 0}
--- !u!1001 &496397565592255519
PrefabInstance:
  m_ObjectHideFlags: 0
  serializedVersion: 2
  m_Modification:
    m_TransformParent: {fileID: 5903734432281001068}
    m_Modifications:
    - target: {fileID: 425323106256731724, guid: a5bf71b607fd8c74a819904a3d2bdf72,
        type: 3}
      propertyPath: m_Name
      value: WaterStepWaveVFX
      objectReference: {fileID: 0}
    - target: {fileID: 425323106256731724, guid: a5bf71b607fd8c74a819904a3d2bdf72,
        type: 3}
      propertyPath: m_IsActive
      value: 0
      objectReference: {fileID: 0}
    - target: {fileID: 425323106256731725, guid: a5bf71b607fd8c74a819904a3d2bdf72,
        type: 3}
      propertyPath: m_LocalPosition.x
      value: 0.06
      objectReference: {fileID: 0}
    - target: {fileID: 425323106256731725, guid: a5bf71b607fd8c74a819904a3d2bdf72,
        type: 3}
      propertyPath: m_LocalPosition.y
      value: 0.33
      objectReference: {fileID: 0}
    - target: {fileID: 425323106256731725, guid: a5bf71b607fd8c74a819904a3d2bdf72,
        type: 3}
      propertyPath: m_LocalPosition.z
      value: -0.45
      objectReference: {fileID: 0}
    - target: {fileID: 425323106256731725, guid: a5bf71b607fd8c74a819904a3d2bdf72,
        type: 3}
      propertyPath: m_LocalRotation.x
      value: 0
      objectReference: {fileID: 0}
    - target: {fileID: 425323106256731725, guid: a5bf71b607fd8c74a819904a3d2bdf72,
        type: 3}
      propertyPath: m_LocalRotation.y
      value: 0
      objectReference: {fileID: 0}
    - target: {fileID: 425323106256731725, guid: a5bf71b607fd8c74a819904a3d2bdf72,
        type: 3}
      propertyPath: m_LocalRotation.z
      value: 0
      objectReference: {fileID: 0}
    - target: {fileID: 425323106256731725, guid: a5bf71b607fd8c74a819904a3d2bdf72,
        type: 3}
      propertyPath: m_LocalRotation.w
      value: 1
      objectReference: {fileID: 0}
    - target: {fileID: 425323106256731725, guid: a5bf71b607fd8c74a819904a3d2bdf72,
        type: 3}
      propertyPath: m_RootOrder
      value: 2
      objectReference: {fileID: 0}
    - target: {fileID: 425323106256731725, guid: a5bf71b607fd8c74a819904a3d2bdf72,
        type: 3}
      propertyPath: m_LocalEulerAnglesHint.x
      value: 0
      objectReference: {fileID: 0}
    - target: {fileID: 425323106256731725, guid: a5bf71b607fd8c74a819904a3d2bdf72,
        type: 3}
      propertyPath: m_LocalEulerAnglesHint.y
      value: 0
      objectReference: {fileID: 0}
    - target: {fileID: 425323106256731725, guid: a5bf71b607fd8c74a819904a3d2bdf72,
        type: 3}
      propertyPath: m_LocalEulerAnglesHint.z
      value: 0
      objectReference: {fileID: 0}
    - target: {fileID: 425323107715475291, guid: a5bf71b607fd8c74a819904a3d2bdf72,
        type: 3}
      propertyPath: m_Materials.Array.data[0]
      value: 
      objectReference: {fileID: 0}
    - target: {fileID: 425323107715475291, guid: a5bf71b607fd8c74a819904a3d2bdf72,
        type: 3}
      propertyPath: m_Enabled
      value: 0
      objectReference: {fileID: 0}
    m_RemovedComponents: []
  m_SourcePrefab: {fileID: 100100000, guid: a5bf71b607fd8c74a819904a3d2bdf72, type: 3}
--- !u!1 &217443715068461651 stripped
GameObject:
  m_CorrespondingSourceObject: {fileID: 425323106256731724, guid: a5bf71b607fd8c74a819904a3d2bdf72,
    type: 3}
  m_PrefabInstance: {fileID: 496397565592255519}
  m_PrefabAsset: {fileID: 0}
--- !u!4 &217443715068461650 stripped
Transform:
  m_CorrespondingSourceObject: {fileID: 425323106256731725, guid: a5bf71b607fd8c74a819904a3d2bdf72,
    type: 3}
  m_PrefabInstance: {fileID: 496397565592255519}
  m_PrefabAsset: {fileID: 0}
--- !u!1001 &642219769527368557
PrefabInstance:
  m_ObjectHideFlags: 0
  serializedVersion: 2
  m_Modification:
    m_TransformParent: {fileID: 2384194642754970111}
    m_Modifications:
    - target: {fileID: 9110165265417439588, guid: 93c4ce02360ad0e49840d908cba13f77,
        type: 3}
      propertyPath: m_LocalPosition.x
      value: 0
      objectReference: {fileID: 0}
    - target: {fileID: 9110165265417439588, guid: 93c4ce02360ad0e49840d908cba13f77,
        type: 3}
      propertyPath: m_LocalPosition.y
      value: 0
      objectReference: {fileID: 0}
    - target: {fileID: 9110165265417439588, guid: 93c4ce02360ad0e49840d908cba13f77,
        type: 3}
      propertyPath: m_LocalPosition.z
      value: 0
      objectReference: {fileID: 0}
    - target: {fileID: 9110165265417439588, guid: 93c4ce02360ad0e49840d908cba13f77,
        type: 3}
      propertyPath: m_LocalRotation.x
      value: -0
      objectReference: {fileID: 0}
    - target: {fileID: 9110165265417439588, guid: 93c4ce02360ad0e49840d908cba13f77,
        type: 3}
      propertyPath: m_LocalRotation.y
      value: -0
      objectReference: {fileID: 0}
    - target: {fileID: 9110165265417439588, guid: 93c4ce02360ad0e49840d908cba13f77,
        type: 3}
      propertyPath: m_LocalRotation.z
      value: -0
      objectReference: {fileID: 0}
    - target: {fileID: 9110165265417439588, guid: 93c4ce02360ad0e49840d908cba13f77,
        type: 3}
      propertyPath: m_LocalRotation.w
      value: 1
      objectReference: {fileID: 0}
    - target: {fileID: 9110165265417439588, guid: 93c4ce02360ad0e49840d908cba13f77,
        type: 3}
      propertyPath: m_RootOrder
      value: 8
      objectReference: {fileID: 0}
    - target: {fileID: 9110165265417439588, guid: 93c4ce02360ad0e49840d908cba13f77,
        type: 3}
      propertyPath: m_LocalEulerAnglesHint.x
      value: 0
      objectReference: {fileID: 0}
    - target: {fileID: 9110165265417439588, guid: 93c4ce02360ad0e49840d908cba13f77,
        type: 3}
      propertyPath: m_LocalEulerAnglesHint.y
      value: 0
      objectReference: {fileID: 0}
    - target: {fileID: 9110165265417439588, guid: 93c4ce02360ad0e49840d908cba13f77,
        type: 3}
      propertyPath: m_LocalEulerAnglesHint.z
      value: 0
      objectReference: {fileID: 0}
    - target: {fileID: 9110165265417439589, guid: 93c4ce02360ad0e49840d908cba13f77,
        type: 3}
      propertyPath: m_Name
      value: FootPrintVFX
      objectReference: {fileID: 0}
    - target: {fileID: 9110165265727597677, guid: 93c4ce02360ad0e49840d908cba13f77,
        type: 3}
      propertyPath: m_Materials.Array.data[0]
      value: 
      objectReference: {fileID: 0}
    - target: {fileID: 9110165265727597682, guid: 93c4ce02360ad0e49840d908cba13f77,
        type: 3}
      propertyPath: m_LocalPosition.x
      value: 0.1
      objectReference: {fileID: 0}
    - target: {fileID: 9110165266988060184, guid: 93c4ce02360ad0e49840d908cba13f77,
        type: 3}
      propertyPath: m_LocalPosition.x
      value: -0.1
      objectReference: {fileID: 0}
    - target: {fileID: 9110165266988060187, guid: 93c4ce02360ad0e49840d908cba13f77,
        type: 3}
      propertyPath: m_Materials.Array.data[0]
      value: 
      objectReference: {fileID: 0}
    m_RemovedComponents: []
  m_SourcePrefab: {fileID: 100100000, guid: 93c4ce02360ad0e49840d908cba13f77, type: 3}
--- !u!4 &8540039238658716169 stripped
Transform:
  m_CorrespondingSourceObject: {fileID: 9110165265417439588, guid: 93c4ce02360ad0e49840d908cba13f77,
    type: 3}
  m_PrefabInstance: {fileID: 642219769527368557}
  m_PrefabAsset: {fileID: 0}
--- !u!1001 &4548324703265268330
PrefabInstance:
  m_ObjectHideFlags: 0
  serializedVersion: 2
  m_Modification:
    m_TransformParent: {fileID: 2384194642754970111}
    m_Modifications:
    - target: {fileID: 4146114036352421828, guid: 31ddc0df569096d478c05469b0ad0511,
        type: 3}
      propertyPath: m_PropertySheet.m_Float.m_Array.Array.data[0].m_Value
      value: 0.4
      objectReference: {fileID: 0}
    - target: {fileID: 4146114036352421829, guid: 31ddc0df569096d478c05469b0ad0511,
        type: 3}
      propertyPath: m_Materials.Array.data[0]
      value: 
      objectReference: {fileID: 0}
    - target: {fileID: 4146114036352421829, guid: 31ddc0df569096d478c05469b0ad0511,
        type: 3}
      propertyPath: m_Enabled
      value: 0
      objectReference: {fileID: 0}
    - target: {fileID: 4146114036352421830, guid: 31ddc0df569096d478c05469b0ad0511,
        type: 3}
      propertyPath: m_LocalPosition.y
      value: -0.17
      objectReference: {fileID: 0}
    - target: {fileID: 4146114037071007286, guid: 31ddc0df569096d478c05469b0ad0511,
        type: 3}
      propertyPath: m_LocalPosition.x
      value: 0
      objectReference: {fileID: 0}
    - target: {fileID: 4146114037071007286, guid: 31ddc0df569096d478c05469b0ad0511,
        type: 3}
      propertyPath: m_LocalPosition.y
      value: 1.89
      objectReference: {fileID: 0}
    - target: {fileID: 4146114037071007286, guid: 31ddc0df569096d478c05469b0ad0511,
        type: 3}
      propertyPath: m_LocalPosition.z
      value: 0
      objectReference: {fileID: 0}
    - target: {fileID: 4146114037071007286, guid: 31ddc0df569096d478c05469b0ad0511,
        type: 3}
      propertyPath: m_LocalRotation.x
      value: 0
      objectReference: {fileID: 0}
    - target: {fileID: 4146114037071007286, guid: 31ddc0df569096d478c05469b0ad0511,
        type: 3}
      propertyPath: m_LocalRotation.y
      value: 0
      objectReference: {fileID: 0}
    - target: {fileID: 4146114037071007286, guid: 31ddc0df569096d478c05469b0ad0511,
        type: 3}
      propertyPath: m_LocalRotation.z
      value: 0
      objectReference: {fileID: 0}
    - target: {fileID: 4146114037071007286, guid: 31ddc0df569096d478c05469b0ad0511,
        type: 3}
      propertyPath: m_LocalRotation.w
      value: 1
      objectReference: {fileID: 0}
    - target: {fileID: 4146114037071007286, guid: 31ddc0df569096d478c05469b0ad0511,
        type: 3}
      propertyPath: m_RootOrder
      value: 6
      objectReference: {fileID: 0}
    - target: {fileID: 4146114037071007286, guid: 31ddc0df569096d478c05469b0ad0511,
        type: 3}
      propertyPath: m_LocalEulerAnglesHint.x
      value: 0
      objectReference: {fileID: 0}
    - target: {fileID: 4146114037071007286, guid: 31ddc0df569096d478c05469b0ad0511,
        type: 3}
      propertyPath: m_LocalEulerAnglesHint.y
      value: 0
      objectReference: {fileID: 0}
    - target: {fileID: 4146114037071007286, guid: 31ddc0df569096d478c05469b0ad0511,
        type: 3}
      propertyPath: m_LocalEulerAnglesHint.z
      value: 0
      objectReference: {fileID: 0}
    - target: {fileID: 4146114037071007287, guid: 31ddc0df569096d478c05469b0ad0511,
        type: 3}
      propertyPath: m_Name
      value: PointerVFX
      objectReference: {fileID: 0}
    - target: {fileID: 4146114037071007287, guid: 31ddc0df569096d478c05469b0ad0511,
        type: 3}
      propertyPath: m_IsActive
      value: 0
      objectReference: {fileID: 0}
    m_RemovedComponents: []
  m_SourcePrefab: {fileID: 100100000, guid: 31ddc0df569096d478c05469b0ad0511, type: 3}
--- !u!1 &474867560930765917 stripped
GameObject:
  m_CorrespondingSourceObject: {fileID: 4146114037071007287, guid: 31ddc0df569096d478c05469b0ad0511,
    type: 3}
  m_PrefabInstance: {fileID: 4548324703265268330}
  m_PrefabAsset: {fileID: 0}
--- !u!4 &474867560930765916 stripped
Transform:
  m_CorrespondingSourceObject: {fileID: 4146114037071007286, guid: 31ddc0df569096d478c05469b0ad0511,
    type: 3}
  m_PrefabInstance: {fileID: 4548324703265268330}
  m_PrefabAsset: {fileID: 0}
--- !u!1001 &6475260322614569769
PrefabInstance:
  m_ObjectHideFlags: 0
  serializedVersion: 2
  m_Modification:
    m_TransformParent: {fileID: 5903734432281001068}
    m_Modifications:
    - target: {fileID: 464603058111404239, guid: 9476df70cdccb454ba8b003eb683e033,
        type: 3}
      propertyPath: m_LocalPosition.x
      value: 0.394
      objectReference: {fileID: 0}
    - target: {fileID: 464603058111404239, guid: 9476df70cdccb454ba8b003eb683e033,
        type: 3}
      propertyPath: m_LocalPosition.y
      value: 1.053
      objectReference: {fileID: 0}
    - target: {fileID: 464603058111404239, guid: 9476df70cdccb454ba8b003eb683e033,
        type: 3}
      propertyPath: m_LocalPosition.z
      value: 0
      objectReference: {fileID: 0}
    - target: {fileID: 464603058111404239, guid: 9476df70cdccb454ba8b003eb683e033,
        type: 3}
      propertyPath: m_LocalRotation.x
      value: 0
      objectReference: {fileID: 0}
    - target: {fileID: 464603058111404239, guid: 9476df70cdccb454ba8b003eb683e033,
        type: 3}
      propertyPath: m_LocalRotation.y
      value: 0
      objectReference: {fileID: 0}
    - target: {fileID: 464603058111404239, guid: 9476df70cdccb454ba8b003eb683e033,
        type: 3}
      propertyPath: m_LocalRotation.z
      value: 0
      objectReference: {fileID: 0}
    - target: {fileID: 464603058111404239, guid: 9476df70cdccb454ba8b003eb683e033,
        type: 3}
      propertyPath: m_LocalRotation.w
      value: 1
      objectReference: {fileID: 0}
    - target: {fileID: 464603058111404239, guid: 9476df70cdccb454ba8b003eb683e033,
        type: 3}
      propertyPath: m_RootOrder
      value: 1
      objectReference: {fileID: 0}
    - target: {fileID: 464603058111404239, guid: 9476df70cdccb454ba8b003eb683e033,
        type: 3}
      propertyPath: m_LocalEulerAnglesHint.x
      value: 0
      objectReference: {fileID: 0}
    - target: {fileID: 464603058111404239, guid: 9476df70cdccb454ba8b003eb683e033,
        type: 3}
      propertyPath: m_LocalEulerAnglesHint.y
      value: 0
      objectReference: {fileID: 0}
    - target: {fileID: 464603058111404239, guid: 9476df70cdccb454ba8b003eb683e033,
        type: 3}
      propertyPath: m_LocalEulerAnglesHint.z
      value: 0
      objectReference: {fileID: 0}
    - target: {fileID: 725015812220121701, guid: 9476df70cdccb454ba8b003eb683e033,
        type: 3}
      propertyPath: m_Name
      value: DustVFX
      objectReference: {fileID: 0}
    - target: {fileID: 725015812220121701, guid: 9476df70cdccb454ba8b003eb683e033,
        type: 3}
      propertyPath: m_IsActive
      value: 0
      objectReference: {fileID: 0}
    - target: {fileID: 2717007910124329770, guid: 9476df70cdccb454ba8b003eb683e033,
        type: 3}
      propertyPath: m_Materials.Array.data[0]
      value: 
      objectReference: {fileID: 0}
    - target: {fileID: 2717007910124329770, guid: 9476df70cdccb454ba8b003eb683e033,
        type: 3}
      propertyPath: m_Enabled
      value: 0
      objectReference: {fileID: 0}
    m_RemovedComponents: []
  m_SourcePrefab: {fileID: 100100000, guid: 9476df70cdccb454ba8b003eb683e033, type: 3}
--- !u!1 &6040304559873890636 stripped
GameObject:
  m_CorrespondingSourceObject: {fileID: 725015812220121701, guid: 9476df70cdccb454ba8b003eb683e033,
    type: 3}
  m_PrefabInstance: {fileID: 6475260322614569769}
  m_PrefabAsset: {fileID: 0}
--- !u!4 &6894488699972957158 stripped
Transform:
  m_CorrespondingSourceObject: {fileID: 464603058111404239, guid: 9476df70cdccb454ba8b003eb683e033,
    type: 3}
  m_PrefabInstance: {fileID: 6475260322614569769}
  m_PrefabAsset: {fileID: 0}
--- !u!1001 &8024717302445725490
PrefabInstance:
  m_ObjectHideFlags: 0
  serializedVersion: 2
  m_Modification:
    m_TransformParent: {fileID: 2384194642754970111}
    m_Modifications:
    - target: {fileID: 2558026132435568039, guid: 01cf3fce50553c54aa470997c7f8b44d,
        type: 3}
      propertyPath: m_LocalPosition.x
      value: 0
      objectReference: {fileID: 0}
    - target: {fileID: 2558026132435568039, guid: 01cf3fce50553c54aa470997c7f8b44d,
        type: 3}
      propertyPath: m_LocalPosition.y
      value: 0.25
      objectReference: {fileID: 0}
    - target: {fileID: 2558026132435568039, guid: 01cf3fce50553c54aa470997c7f8b44d,
        type: 3}
      propertyPath: m_LocalPosition.z
      value: 0
      objectReference: {fileID: 0}
    - target: {fileID: 2558026132435568039, guid: 01cf3fce50553c54aa470997c7f8b44d,
        type: 3}
      propertyPath: m_LocalRotation.x
      value: 0
      objectReference: {fileID: 0}
    - target: {fileID: 2558026132435568039, guid: 01cf3fce50553c54aa470997c7f8b44d,
        type: 3}
      propertyPath: m_LocalRotation.y
      value: 0
      objectReference: {fileID: 0}
    - target: {fileID: 2558026132435568039, guid: 01cf3fce50553c54aa470997c7f8b44d,
        type: 3}
      propertyPath: m_LocalRotation.z
      value: 0
      objectReference: {fileID: 0}
    - target: {fileID: 2558026132435568039, guid: 01cf3fce50553c54aa470997c7f8b44d,
        type: 3}
      propertyPath: m_LocalRotation.w
      value: 1
      objectReference: {fileID: 0}
    - target: {fileID: 2558026132435568039, guid: 01cf3fce50553c54aa470997c7f8b44d,
        type: 3}
      propertyPath: m_RootOrder
      value: 5
      objectReference: {fileID: 0}
    - target: {fileID: 2558026132435568039, guid: 01cf3fce50553c54aa470997c7f8b44d,
        type: 3}
      propertyPath: m_LocalEulerAnglesHint.x
      value: 0
      objectReference: {fileID: 0}
    - target: {fileID: 2558026132435568039, guid: 01cf3fce50553c54aa470997c7f8b44d,
        type: 3}
      propertyPath: m_LocalEulerAnglesHint.y
      value: 0
      objectReference: {fileID: 0}
    - target: {fileID: 2558026132435568039, guid: 01cf3fce50553c54aa470997c7f8b44d,
        type: 3}
      propertyPath: m_LocalEulerAnglesHint.z
      value: 0
      objectReference: {fileID: 0}
    - target: {fileID: 3446755117599636149, guid: 01cf3fce50553c54aa470997c7f8b44d,
        type: 3}
      propertyPath: m_Name
      value: Pointer
      objectReference: {fileID: 0}
    - target: {fileID: 3446755117599636149, guid: 01cf3fce50553c54aa470997c7f8b44d,
        type: 3}
      propertyPath: m_IsActive
      value: 0
      objectReference: {fileID: 0}
    m_RemovedComponents: []
  m_SourcePrefab: {fileID: 100100000, guid: 01cf3fce50553c54aa470997c7f8b44d, type: 3}
--- !u!4 &5486064842077393557 stripped
Transform:
  m_CorrespondingSourceObject: {fileID: 2558026132435568039, guid: 01cf3fce50553c54aa470997c7f8b44d,
    type: 3}
  m_PrefabInstance: {fileID: 8024717302445725490}
  m_PrefabAsset: {fileID: 0}
--- !u!1001 &8082111794199551418
PrefabInstance:
  m_ObjectHideFlags: 0
  serializedVersion: 2
  m_Modification:
    m_TransformParent: {fileID: 5903734432281001068}
    m_Modifications:
    - target: {fileID: 3153291272358072227, guid: 9864c70b5999ee64689e6a61ebfb6b5f,
        type: 3}
      propertyPath: m_Materials.Array.size
      value: 0
      objectReference: {fileID: 0}
    - target: {fileID: 3153291272358072227, guid: 9864c70b5999ee64689e6a61ebfb6b5f,
        type: 3}
      propertyPath: m_Enabled
      value: 0
      objectReference: {fileID: 0}
    - target: {fileID: 3153291272645064988, guid: 9864c70b5999ee64689e6a61ebfb6b5f,
        type: 3}
      propertyPath: m_Name
      value: BushVFX
      objectReference: {fileID: 0}
    - target: {fileID: 3153291272645064988, guid: 9864c70b5999ee64689e6a61ebfb6b5f,
        type: 3}
      propertyPath: m_IsActive
      value: 0
      objectReference: {fileID: 0}
    - target: {fileID: 3153291272645064989, guid: 9864c70b5999ee64689e6a61ebfb6b5f,
        type: 3}
      propertyPath: m_LocalPosition.x
      value: 1.13
      objectReference: {fileID: 0}
    - target: {fileID: 3153291272645064989, guid: 9864c70b5999ee64689e6a61ebfb6b5f,
        type: 3}
      propertyPath: m_LocalPosition.y
      value: 1.55
      objectReference: {fileID: 0}
    - target: {fileID: 3153291272645064989, guid: 9864c70b5999ee64689e6a61ebfb6b5f,
        type: 3}
      propertyPath: m_LocalPosition.z
      value: -0.94
      objectReference: {fileID: 0}
    - target: {fileID: 3153291272645064989, guid: 9864c70b5999ee64689e6a61ebfb6b5f,
        type: 3}
      propertyPath: m_LocalRotation.x
      value: -0
      objectReference: {fileID: 0}
    - target: {fileID: 3153291272645064989, guid: 9864c70b5999ee64689e6a61ebfb6b5f,
        type: 3}
      propertyPath: m_LocalRotation.y
      value: -0
      objectReference: {fileID: 0}
    - target: {fileID: 3153291272645064989, guid: 9864c70b5999ee64689e6a61ebfb6b5f,
        type: 3}
      propertyPath: m_LocalRotation.z
      value: -0
      objectReference: {fileID: 0}
    - target: {fileID: 3153291272645064989, guid: 9864c70b5999ee64689e6a61ebfb6b5f,
        type: 3}
      propertyPath: m_LocalRotation.w
      value: 1
      objectReference: {fileID: 0}
    - target: {fileID: 3153291272645064989, guid: 9864c70b5999ee64689e6a61ebfb6b5f,
        type: 3}
      propertyPath: m_RootOrder
      value: 0
      objectReference: {fileID: 0}
    - target: {fileID: 3153291272645064989, guid: 9864c70b5999ee64689e6a61ebfb6b5f,
        type: 3}
      propertyPath: m_LocalEulerAnglesHint.x
      value: 0
      objectReference: {fileID: 0}
    - target: {fileID: 3153291272645064989, guid: 9864c70b5999ee64689e6a61ebfb6b5f,
        type: 3}
      propertyPath: m_LocalEulerAnglesHint.y
      value: 0
      objectReference: {fileID: 0}
    - target: {fileID: 3153291272645064989, guid: 9864c70b5999ee64689e6a61ebfb6b5f,
        type: 3}
      propertyPath: m_LocalEulerAnglesHint.z
      value: 0
      objectReference: {fileID: 0}
    m_RemovedComponents: []
  m_SourcePrefab: {fileID: 100100000, guid: 9864c70b5999ee64689e6a61ebfb6b5f, type: 3}
--- !u!4 &6623616854338004135 stripped
Transform:
  m_CorrespondingSourceObject: {fileID: 3153291272645064989, guid: 9864c70b5999ee64689e6a61ebfb6b5f,
    type: 3}
  m_PrefabInstance: {fileID: 8082111794199551418}
  m_PrefabAsset: {fileID: 0}
--- !u!1 &6623616854338004134 stripped
GameObject:
  m_CorrespondingSourceObject: {fileID: 3153291272645064988, guid: 9864c70b5999ee64689e6a61ebfb6b5f,
    type: 3}
  m_PrefabInstance: {fileID: 8082111794199551418}
  m_PrefabAsset: {fileID: 0}
